1650 3048
151 201 216 247 96

550 197 722 245 Deatk
747 196 813 260 of
829 194 1158 243 Minnehaha.

285 336 449 396 Quum
472 351 592 383 voce
617 332 862 395 intrepida
885 334 1202 393 Minnehaha,

285 416 314 438 “
332 413 405 461 Te
428 414 659 459 maritum
683 412 906 473 sequar,''
932 412 1075 460 dixit.

280 489 380 537 Ast
404 491 489 537 illa
512 505 644 536 nuno
669 490 718 535 in
742 489 942 552 tugurio

281 568 409 617 Cum
430 568 716 625 Nooomide‚
742 568 802 614 ab
826 567 1103 628 hospitibus

280 646 634 693 Inamabilibus
660 646 756 692 illis
781 645 1050 703 observata,

278 723 487 770 Jaoebat
510 728 682 780 amata,
702 721 806 783 jam
829 721 1139 768 moribunda.

282 800 490 847 “Audio
515 798 722 863 (inquit)
750 801 1147 861 obstrepitanteis

277 878 604 925 Minnehahae
628 878 943 939 praeoipiteis
967 878 1162 939 aquas.”

280 958 308 980 “
324 955 494 1013 Immo,
520 955 698 1016 pusilla
720 955 770 1002 !''
794 957 1055 1017 respondet
1079 955 1132 1002 N
1133 955 1346 1003 ooomis:

279 1036 308 1057 ‘⁴
323 1032 464 1079 Aura
486 1037 725 1079 nocturna
746 1032 889 1093 pinos
913 1033 1116 1094 agitat.''

279 1111 309 1134 “
324 1109 405 1157 En
430 1110 440 1156 Ξ
480 1108 687 1173 (inquit)
713 1115 906 1170 patrem
930 1110 1114 1171 aspicio

280 1186 430 1235 Suam
454 1188 515 1234 ad
532 1186 745 1248 januam,
758 1187 1031 1234 solitarium

275 1265 328 1313 N
330 1263 464 1313 ostra
488 1267 537 1311 in
560 1266 761 1328 regione
785 1265 1084 1312 Daootarum
1107 1284 1121 1321 ;

275 1343 424 1392 Unde
448 1344 619 1390 annuit
642 1349 697 1390 ut
720 1344 784 1390 ad
811 1359 862 1390 se
886 1343 1128 1391 veniam.’'

278 1423 307 1446 “
323 1421 495 1478 Immo,
522 1420 769 1483 pusilla!''
796 1421 1056 1482 respondet
1081 1421 1248 1468 vetula
1271 1439 1282 1468 ε

276 1498 394 1545 “At
418 1498 580 1545 fumus
605 1499 696 1545 tibi
720 1498 909 1544 undans
935 1499 1155 1545 annuit.''

276 1576 467 1622 “Eheu
491 1576 541 1622 !’'
567 1575 720 1637 ejulat
746 1592 757 1622 ε
795 1578 825 1600 “
843 1576 1024 1622 Mortis
1049 1592 1142 1639 ego
1166 1578 1334 1625 oculos

273 1653 413 1700 Inter
437 1654 661 1700 tenebras
687 1654 859 1715 igneos
885 1654 1045 1701 video.

273 1731 471 1793 Digitos
495 1730 644 1793 hujus
671 1732 828 1778 sentio
853 1731 1118 1793 glacialeis,

273 1808 370 1867 Qui
393 1825 469 1856 me
494 1824 581 1870 per
608 1809 870 1870 caliginem
895 1815 1145 1869 prensant.

270 1887 427 1945 Eheu,
454 1902 546 1933 vae
569 1886 674 1945 tibi,
702 1886 1037 1933 Hiawatha!”

338 1964 507 2025 Atque
533 1964 629 2022 ille,
656 1964 880 2025 quamvis
905 1963 1090 2025 procul,
1118 1966 1270 2012 sensit

275 2040 338 2089 Se
363 2057 391 2087 a
414 2038 719 2088 Minnehaha
742 2041 908 2088 vocari
932 2060 945 2097 ;

270 2118 518 2180 Reditque
542 2134 750 2180 propere
775 2124 980 2166 onustus
1004 2119 1170 2181 lignis,

270 2195 629 2242 Tantummodo
653 2201 709 2242 ut
733 2196 940 2257 aspiciat
965 2213 1099 2243 suam
1124 2203 1332 2246 amatam

273 2272 449 2322 Coram
475 2289 526 2321 se
549 2271 733 2336 frigida
756 2274 808 2320 in
830 2280 986 2321 morte
1012 2274 1280 2336 projectam

269 2350 447 2398 Aoreis
472 2353 602 2399 inter
626 2352 852 2413 planctus
875 2352 927 2398 N
930 2353 1179 2401 ocomidis.

269 2428 348 2475 Ne
371 2434 425 2475 tu
449 2444 526 2475 me
551 2430 800 2491 interroga
822 2435 1030 2490 quantos
1055 2431 1283 2493 gemitus,

269 2503 519 2562 Quantum
543 2521 775 2568 angorem
798 2514 931 2553 astra
953 2508 1237 2555 audiverint
1261 2528 1274 2564 3

271 2579 403 2639 Quot
427 2583 530 2629 dies
555 2584 881 2630 consumserit
904 2584 1084 2631 tacitus
1108 2591 1194 2631 aut
1217 2585 1407 2649 lugenS.

266 2658 453 2705 Verum
477 2658 649 2707 intima
673 2661 724 2706 in
748 2658 875 2708 silva
898 2661 1096 2709 nivibus
1120 2665 1317 2726 egesti'S,

266 2734 328 2780 In
353 2734 483 2783 fossa
507 2738 595 2783 sub
620 2738 794 2784 cicutis
820 2735 1006 2797 cavata,

274 2810 555 2874 Splendidis
579 2815 803 2862 amictam
828 2816 1219 2877 vestimentis,—
