1650 3048
484 183 700 218 CARMEN
734 181 1082 216 HIAWATHAE.

221 315 362 361 Inter
384 328 544 360 ramos
569 314 772 360 tetricae
799 313 904 374 pini

220 391 537 449 Insidentem,
564 392 625 437 ad
649 406 701 438 se
726 397 901 446 vocat3

219 469 302 527 Et,
327 473 513 514 tantam
537 467 644 530 ejus
668 483 864 529 operam
887 468 1146 525 honorans,

226 545 423 594 Cirrum
447 546 728 593 cruentavit
752 545 1029 607 plumarum

221 622 376 670 Parvi
400 623 499 684 pici
524 624 577 669 in
600 623 787 670 vertice
809 640 821 669 :

224 700 382 759 Quem
406 700 589 747 cirrum
611 699 752 747 hicce
776 700 1040 762 puniceum

223 777 309 825 Ad
332 778 466 825 hunc
490 793 646 839 usque
669 777 797 824 diem
821 783 998 839 gestat,

225 855 452 917 Antiqua
475 861 736 902 testantem
760 855 950 902 merita.

292 932 368 980 At
391 949 418 980 e
442 934 645 995 tugurio
670 932 940 978 Hiawatha

228 1010 447 1058 Divitias
471 1011 593 1057 victi
619 1011 831 1066 extulit3

230 1088 416 1136 Pelleis
442 1089 640 1150 depstas
664 1089 974 1150 multumque
996 1089 1248 1149 muricem,

229 1166 438 1214 Bonassi
462 1167 671 1228 fibrique
693 1167 853 1224 villos,

227 1244 450 1291 Murium
475 1244 777 1290 silvestrium
802 1245 1109 1291 diversarum

230 1322 418 1384 Nigras
442 1321 709 1382 niveasque
733 1321 933 1368 villosas
957 1322 1131 1383 pelleis
1153 1341 1167 1378 ;

232 1399 450 1457 Balteos,
477 1399 690 1454 catellas,
717 1414 973 1446 crumenas
996 1415 1024 1447 e
1046 1401 1249 1460 murice,

236 1472 716 1525 Gemmis'murIceis
740 1477 984 1539 insigneis
1007 1477 1262 1539 pharetras

237 1554 445 1617 Sagittis
468 1553 692 1612 refertas,
720 1554 771 1599 in
797 1554 987 1615 spiculo
1011 1556 1297 1618 argentatis.

233 1632 366 1680 Dein
392 1632 587 1678 domum
611 1632 868 1694 navigavit
890 1632 1145 1680 exsultans

239 1710 438 1772 Aquam
462 1724 551 1771 per
573 1710 776 1770 piceam,
802 1725 891 1771 per
915 1710 1151 1773 anguium
1175 1717 1405 1774 stragem,

241 1787 367 1837 Cum
391 1787 606 1849 egregiis
630 1803 825 1849 pugnae
849 1788 1076 1849 tropaeis,

241 1865 367 1914 Cum
392 1865 603 1911 clamore
627 1871 678 1911 et
702 1871 848 1911 cantu
873 1866 1127 1929 triumphi.

238 1943 351 1991 Illic
375 1944 426 1989 in
450 1943 616 1989 littore
640 1942 985 2001 consistebant,

240 2021 533 2068 Adventum
556 2020 721 2066 herois
746 2020 1073 2081 opperientes,

242 2099 491 2157 Nocomis,
520 2097 805 2156 Chibiabus‚
834 2096 1100 2158 Quasinda,

242 2178 312 2225 Et
335 2177 475 2224 vicus
500 2176 759 2222 saltatione
783 2174 1008 2224 festivus.

243 2255 368 2302 Inde
392 2254 593 2316 epulum
616 2252 776 2300 fecere
799 2252 1109 2313 Hiawathae,

248 2332 345 2392 Qui
368 2347 567 2394 magum
591 2331 850 2378 occidisset
873 2332 1194 2393 teterrimum,

247 2410 409 2457 Albae
435 2408 639 2456 nebulae
663 2408 896 2470 palustris
920 2415 1204 2470 creatorem,

249 2488 522 2534 Auctorem
546 2485 697 2533 febris
722 2501 778 2532 ac
802 2486 942 2534 lethi.

255 2564 352 2613 Sed
377 2564 648 2611 Hiawatha
670 2563 830 2609 tubuli
856 2564 933 2609 sui
958 2579 1158 2627 scapum

250 2642 485 2690 Puniceis
508 2641 690 2703 plumis
714 2640 897 2688 exinde
921 2643 1139 2703 ornabat,

253 2720 439 2767 Merita
461 2719 547 2765 illa
569 2718 668 2780 pici
693 2733 1107 2777 commemorans3

253 2797 424 2858 Atque
448 2796 580 2843 omni
604 2795 788 2857 populo
812 2795 1013 2845 divitias
1036 2798 1167 2862 magi

254 2874 512 2938 Benignus
537 2873 725 2921 viritim
750 2873 936 2922 divisit.

1418 168 1477 213 61
