1650 3048
464 179 681 213 CARMEN
717 178 1063 212 HIAWATHAE.

193 307 375 356 Abluit
398 309 593 368 tacitus,
620 310 838 366 invitus3

189 384 417 448 Jamque,
444 387 581 435 velut
604 394 925 449 experrectus
949 387 1165 447 somniis,

190 461 431 511 Furorem
455 465 616 511 cordis
641 465 857 527 deponit.

188 539 402 600 Etenim,
423 548 486 588 uut
508 542 662 589 nubes
686 558 713 590 e
738 542 886 601 caelo,

183 617 259 666 Ut
279 618 463 681 glacies
487 635 513 666 e
537 620 703 666 fluviis
727 620 973 667 averritur
994 637 1008 675 ;

186 693 270 743 Sic
292 697 550 758 aegritudo
574 697 658 743 illa
680 697 876 744 effrenis

181 772 402 835 Depulsa
425 781 500 821 est
524 781 720 836 pectore
748 774 1057 821 Hiawathae.

246 852 378 899 Dein
404 852 697 901 Chibiabum
723 851 852 899 infra
873 868 1025 914 aquas

179 929 263 977 Ex
287 931 449 978 arenis
474 931 759 989 evocabant,

178 1008 385 1055 Torrem
409 1010 608 1071 igneum
633 1009 1026 1071 praetendenteS,

175 1085 391 1133 Infernis
415 1102 556 1148 opem
580 1087 865 1145 viatoribus,

173 1162 253 1210 Ne
277 1170 426 1211 noctu
452 1165 667 1211 solitarie

173 1239 258 1287 Ad
280 1256 434 1304 regna
457 1242 636 1288 Futuri
661 1241 1002 1289 incedentibus

175 1316 452 1365 Castrensis
477 1319 708 1366 deficeret
731 1319 878 1382 ignis.

176 1393 260 1443 Sic
285 1397 480 1443 tandem
504 1397 665 1458 patrio
689 1412 716 1443 e
740 1396 853 1443 vico

174 1473 373 1535 Suoque
395 1489 423 1521 e
448 1474 694 1521 domicilio
719 1489 807 1535 per
831 1473 1019 1531 silvam,

172 1551 246 1599 Ut
270 1551 447 1610 fumus,
473 1552 676 1599 evanuit
702 1550 987 1609 Chibiabus,

171 1627 288 1677 Sine
311 1635 447 1675 motu
470 1645 717 1676 ramorum
742 1629 1044 1690 praeteriens
1066 1647 1080 1683 ;

164 1706 341 1767 Neque
364 1707 576 1769 gramini
599 1712 685 1753 aut
707 1705 839 1753 foliis
864 1707 916 1753 in
946 1702 1119 1753 semita

169 1783 360 1832 Gressu
385 1785 628 1831 excitavit
658 1800 845 1830 sonum.

167 1862 308 1918 Mox,
334 1863 485 1908 totius
509 1862 760 1922 quatridui
784 1862 958 1907 itinere

165 1940 228 1986 In
251 1940 461 1987 insulam
487 1940 738 1985 beatorum
763 1939 997 1985 devectus

161 2017 248 2064 Ad
272 2017 551 2080 populareis
574 2016 760 2063 mancis
785 2015 1036 2077 pervenit..

227 2097 304 2144 At
327 2096 606 2153 Hiawatha,
633 2104 869 2156 protenus
901 2092 1171 2155 egrediens,

160 2175 246 2223 Ad
271 2174 539 2232 Orientem,
566 2173 629 2219 ad
653 2171 974 2221 Occidentem
997 2169 1283 2233 vagabatur,

158 2252 485 2314 Multipliceis
509 2251 688 2298 docens
711 2249 978 2296 medicinas

155 2330 481 2390 Pluriumque
503 2342 805 2376 venenorum
826 2325 1055 2373 remedia.

158 2407 242 2457 Sic
266 2408 479 2470 primum
501 2406 660 2470 aegris
677 2404 967 2452 mortalibus

159 2486 480 2548 Promulgata
504 2491 580 2532 est
604 2499 683 2530 ars
710 2482 927 2540 sanandi,

157 2563 362 2612 Sacrum
385 2562 655 2610 medicinae
679 2560 982 2623 mysterium.

1407 166 1470 212 83
