1650 3048
455 182 671 219 GARMEN
706 178 1052 214 HIAWATHAE.

190 316 479 376 Quanquam
501 313 648 360 fiores
672 312 718 359 ei
743 316 998 373 pratenses

190 392 436 441 Odoribus
459 390 718 452 replebant
741 392 855 436 ae’ra
877 407 890 444 ;

191 468 482 530 Quanquam
506 482 705 516 nemora
726 471 874 527 atque
897 462 1040 510 fluvii

190 547 426 594 Adventu
450 544 554 606 ejus
579 544 893 591 susurrabant
916 540 1201 603 plaudentes
1223 558 1237 594 ;

191 624 379 672 Tamen
403 638 485 670 cor
508 623 554 670 ei
577 626 816 668 moestum
840 619 935 665 suit
958 619 1103 676 intus,

192 700 336 761 Quod
358 701 408 747 in
432 699 565 746 caelo
589 698 714 745 foret
738 697 996 745 solitarius.

260 777 358 827 Sed
380 776 523 824 mane
545 777 754 838 quodam
777 776 839 821 ad
860 781 1037 822 terram
1060 774 1276 830 obtuen8‚

191 856 323 903 Dum
345 855 483 902 vicus
508 854 666 901 adhuc
690 853 972 910 dormiebat,

191 933 259 980 Et
281 932 457 980 nebula
473 931 668 993 jacebat
692 946 838 992 super
861 945 1015 988 amne,

194 1009 347 1059 Velut
370 1010 578 1057 hominis
605 1009 784 1055 mortui
807 1008 957 1066 larva,

200 1087 337 1147 Quae
362 1089 450 1134 sub
476 1092 636 1134 ortum
659 1087 782 1133 lucis
807 1086 1051 1133 evanescit
1069 1104 1150 1141 3-—

195 1166 454 1228 Virginem
477 1165 672 1226 aspexit
697 1165 748 1210 in
772 1165 925 1225 pratis

200 1242 387 1293 Gressu
412 1242 631 1304 solivago
655 1242 973 1299 incedentem,

200 1320 337 1380 Quae
360 1325 563 1382 propter
581 1325 858 1381 pratensem
881 1334 1071 1367 amnem

197 1401 356 1448 Iridas
381 1399 642 1461 colligebat
657 1398 948 1461 juncosque.

198 1477 351 1526 Mane
374 1476 591 1538 quotidie
616 1477 667 1522 in
692 1482 870 1523 terram
894 1476 1185 1537 despicienti

199 1556 374 1617 Usque
397 1555 556 1616 prima
577 1569 654 1601 res
680 1554 782 1601 illic
805 1559 1029 1601 occursat

200 1632 369 1694 Hujus
392 1631 644 1679 caeruleus
668 1631 920 1679 oculorum
944 1632 1207 1691 contuitus,

202 1710 408 1773 Duplex
431 1710 560 1756 inter
577 1709 782 1771 junceta
804 1709 939 1756 lacus
964 1709 1234 1757 caeruleus.

201 1788 338 1850 Ergo
363 1787 630 1849 solivagam
653 1787 845 1833 amabat
868 1787 1125 1849 virginem,

205 1864 343 1925 Quae
366 1865 709 1911 advenientem
734 1864 803 1911 sic
828 1865 1150 1926 opperiretur.

204 1943 407 1991 Etenim
433 1941 678 1988 solitarius
702 1947 807 1988 erat
830 1949 1052 2004 uterque,

207 2021 349 2068 Haec
374 2019 426 2065 in
450 2016 596 2077 terra,
623 2019 706 2065 ille
730 2019 781 2064 in
805 2018 954 2067 caelo.

271 2097 487 2158 Jamque
511 2097 804 2158 procabatur
827 2096 1189 2156 blandimentis,

205 2175 330 2223 Leni
353 2175 456 2221 risu
480 2175 647 2236 aprico
671 2180 720 2222 et
743 2175 943 2236 alloquii
967 2174 1223 2223 illecebris.

212 2253 448 2314 Suspiriis
471 2253 804 2313 permulcebat
827 2258 876 2299 et
900 2258 1060 2312 cantu,

207 2330 508 2378 Dulcissimo
533 2331 661 2377 inter
683 2345 842 2377 ramos
868 2345 1081 2390 susurro,

208 2408 442 2456 Numeris
465 2407 778 2466 mollissimis,
804 2408 1032 2455 odoribus
1056 2408 1358 2457 suavissimis
1380 2430 1394 2468 ;

210 2487 345 2534 Dum
368 2485 420 2531 in
443 2501 585 2532 suum
608 2487 851 2548 gremium
875 2491 1132 2533 attractam

210 2560 433 2612 Punicea
457 2560 545 2611 sua
568 2561 698 2625 palla
722 2563 1007 2610 obvolveret
1028 2582 1042 2619 ;

214 2641 388 2702 Usque
414 2640 530 2687 dum
554 2641 607 2687 in
632 2640 821 2688 stellam
843 2646 1055 2688 mutaret

214 2719 276 2766 In
299 2718 487 2780 gremio
511 2734 599 2765 suo
623 2719 888 2765 etiamnum
911 2718 1284 2767 tremiscentem.

215 2796 350 2858 Ergo
375 2795 726 2857 sempiternum
750 2797 802 2843 in
826 2795 972 2844 caelis

1398 162 1459 208 13
