1650 3048
489 183 706 219 CARMEN
741 183 1070 220 HIAWATHAE
1081 207 1092 219 .

220 306 444 366 Quonam
468 313 524 355 tu
546 324 754 372 peregre
776 310 969 369 adieris,

217 385 388 446 Atque
412 401 504 449 ego
526 387 647 448 quid
671 389 969 446 navaverim,
996 387 1227 436 docebo.”

286 462 416 509 Tum
438 479 466 511 e
489 462 663 525 perula
685 465 910 511 tubulum
934 464 1195 512 fumarium

217 539 455 587 Extraxit
478 548 709 602 veterem,
736 543 871 604 pacis
894 543 1156 604 auspicem,

217 617 348 665 Mire
373 617 685 666 informatum
707 638 720 676 ;
755 620 895 681 cujus
919 620 1095 681 capula

217 694 262 741 E
287 696 437 743 rubro
459 703 536 744 est
558 713 680 744 saxo
702 713 935 745 arenaceo
959 698 1182 757 conficta,

216 771 285 818 Et
309 787 483 834 scapus
506 788 573 820 ex
595 775 834 821 arundine
858 771 1090 835 plumata.

217 847 416 897 Cortice
439 848 631 913 saligni}¹
654 851 900 913 oppletam
925 852 1162 913 capulam,

216 925 397 974 Prunis
421 928 553 974 vivis
576 927 796 988 accensa,
823 930 1008 991 hospiti
1164 978 1169 982 ,

216 1003 452 1067 Porrigit,
478 1011 527 1052 et
551 1006 613 1052 ad
636 1006 769 1053 hunc
792 1007 988 1052 modum
1014 1007 1122 1053 infit
1143 1024 1155 1053 ε

284 1084 313 1106 “
328 1082 438 1144 Ego
463 1082 609 1129 simul
632 1089 778 1145 atque
802 1084 989 1131 circum
1011 1085 1122 1131 afflo

215 1158 283 1205 Et
307 1174 454 1221 super
476 1175 592 1206 rura
616 1160 813 1207 effundo
838 1162 1081 1222 spiritum,

214 1236 404 1284 Amnes
428 1238 718 1297 consistunt,
743 1254 870 1300 aqua
892 1239 1197 1301 lapidescit.''

282 1312 554 1362 Subridens
577 1316 843 1377 respondet
859 1316 1061 1377 juvenis
1086 1334 1098 1363 z

214 1393 244 1415 ‘⁶
261 1390 372 1453 Ego
396 1391 542 1438 simul
564 1397 712 1453 atque
734 1392 920 1440 circum
941 1392 1066 1452 afflo,

211 1466 281 1514 Et
305 1468 533 1529 spiritum
555 1468 753 1516 effundo
778 1485 924 1531 super
947 1485 1078 1529 rura,

211 1544 502 1592 Florescunt
524 1552 680 1607 prata,
706 1546 927 1594 defluunt
950 1548 1164 1595 amnes.’'

279 1624 308 1646 “
325 1622 434 1685 Ego
458 1623 500 1669 si
524 1626 696 1671 canam
720 1640 897 1685 quasso
921 1625 1215 1685 caesariem,'

212 1699 396 1746 Fronte
420 1700 583 1761 inquit
603 1701 880 1763 nigricante
905 1718 1073 1762 senex,

211 1779 241 1801 “
259 1776 451 1825 Cuncta
474 1778 672 1826 nivibus
695 1780 995 1842 obteguntur
1019 1796 1135 1827 rura
1156 1799 1170 1837 3

210 1853 405 1903 Cuncta
426 1860 477 1901 et
500 1853 618 1901 folia
641 1857 830 1902 cunctis
854 1872 883 1902 a
906 1858 1055 1903 ramis

208 1932 450 1990 Marcent,
477 1931 724 1990 decidunt,
752 1933 1050 1993 dispereunt,

208 2010 325 2057 Meo
350 2010 439 2056 sub
462 2008 620 2056 halitu
644 2011 1000 2058 evanescentia.

208 2086 252 2133 E
276 2086 442 2133 fluviis
467 2086 718 2148 vastisque
743 2087 1003 2148 paludibus

210 2163 385 2227 Surgit
408 2179 552 2211 anser
576 2165 753 2212 niveus
776 2170 829 2212 et
851 2165 1013 2224 ardea,

203 2242 290 2288 Ad.
313 2242 604 2304 longinquas
626 2241 872 2289 avolaturi
895 2248 1069 2301 terras,

203 2316 322 2367 Mea
346 2320 435 2366 sub
460 2334 581 2367 voce
609 2319 911 2368 exsulantes,

203 2397 272 2444 Et
296 2397 338 2444 si
361 2412 458 2458 qua
480 2412 684 2460 peregre
707 2412 874 2459 vagor,

203 2475 334 2521 Tum
356 2471 526 2522 silicea
549 2475 639 2521 sub
665 2472 800 2522 terra
824 2474 925 2521 suis
948 2473 1001 2520 in
1025 2474 1158 2521 cavis

200 2552 356 2599 Ferae
379 2552 671 2599 occuluntur
694 2552 964 2599 silvestres.

268 2632 298 2654 “
314 2629 424 2692 Ego
447 2629 492 2676 si
514 2628 648 2677 fusos
672 2644 849 2691 quasso
873 2628 1172 2689 cincinnos?

199 2707 323 2754 Risu
346 2707 508 2769 inquit
530 2708 812 2755 adolescens
834 2707 986 2766 molli,

199 2787 228 2809 “
250 2783 406 2833 Grato
430 2800 546 2832 mox
572 2785 759 2832 stillant
783 2791 951 2846 tepore
974 2785 1172 2846 pluviae

712 2877 752 2909 H
788 2864 818 2909 2

1219 1626 1231 1647 Ὶ
