1650 3048
423 164 640 200 CARMEN
676 165 1007 200 HIAWATHAE
1014 189 1024 201 .

562 626 804 677 CAPUT
835 626 900 674 V.

442 777 567 824 ΖΕΑ.
641 774 783 839 (The
807 775 1021 840 Maize.)

151 926 418 975 AUDIETIS
442 927 606 989 qualia
628 926 896 973 Hiawatha

152 1005 367 1067 Jejunus
393 1006 445 1051 in
470 1005 610 1052 silvis
634 1006 941 1061 exoraverit3

152 1083 270 1130 Non
293 1089 350 1130 ut
374 1089 638 1130 venaretur
663 1083 872 1144 peritius

150 1161 330 1223 Neque
353 1166 409 1207 ut
432 1161 707 1223 piscaretur
730 1160 1038 1222 prosperius;

151 1238 268 1285 Non
293 1244 349 1285 ut
373 1238 424 1284 in
448 1235 618 1301 pugna
641 1238 939 1297 devinceret,

157 1316 227 1362 Et
251 1316 381 1363 inter
403 1315 667 1362 bellatores
691 1316 1006 1373 claresceret;

157 1391 256 1441 Sed
279 1397 336 1439 ut
358 1393 542 1455 populo
567 1393 825 1454 prodesset
850 1408 939 1440 suo

151 1469 465 1532 Cunctasque
487 1471 679 1533 genteis
701 1471 888 1519 bearet.

219 1547 445 1594 Primum
469 1548 521 1594 in
537 1547 732 1609 jejunia
755 1549 971 1596 casulam

152 1622 323 1673 Media
347 1626 399 1672 in
424 1622 550 1673 silva
574 1627 845 1686 contexuit,

152 1702 315 1750 Lacus
339 1703 554 1750 Maximi
578 1720 731 1766 prope
754 1705 927 1767 ripam,

156 1780 219 1827 In
235 1780 457 1842 jucundo
480 1781 631 1828 Veris
654 1797 823 1830 mense

153 1858 317 1905 Novis
342 1858 474 1905 foliis
498 1860 824 1916 exuberante;

155 1935 275 1995 Ubi,
301 1933 421 1983 aura
447 1934 618 1983 divina
641 1937 846 1997 afflatus,

153 2014 255 2062 Per
277 2014 514 2076 plurimas
538 2015 784 2061 visionum
808 2017 995 2078 species

159 2091 360 2154 Septem
376 2091 630 2154 jejunavit
654 2092 777 2140 dies,

220 2170 391 2217 Primo
409 2169 591 2231 jejunii
616 2171 696 2218 die

154 2248 254 2295 Per
277 2247 451 2295 foliosa
474 2264 678 2295 nemora
700 2248 989 2310 vagabatur.

154 2326 363 2373 Damam
386 2342 413 2373 e
438 2326 584 2373 dumo
608 2327 808 2373 videbat
831 2327 1049 2385 exsilire,

156 2402 453 2451 Cuniculum
478 2404 529 2450 in
553 2410 697 2451 antro
720 2405 887 2452 latere.

154 2480 391 2528 Phasiani
414 2482 608 2528 audivit
631 2483 879 2539 bombum,

156 2558 492 2620 Glandeisque
517 2566 867 2622 congerentem
890 2560 1207 2622 crepitanteis

79 2678 95 2690 ‚
159 2635 391 2685 Sciurum
415 2634 581 2684 erecta
605 2634 779 2685 cauda.

154 2713 336 2761 Itidem
359 2715 638 2776 palumbem
662 2715 791 2763 inter
815 2715 957 2778 pinos

154 2792 507 2840 Nidificantem
532 2793 730 2855 aspexit
754 2812 766 2847 ;

715 2885 751 2917 D

1375 156 1437 200 33
