1650 3048
556 193 744 256 Oriyin
767 190 929 256 osche
950 190 1200 254 Pyymies.

310 339 627 403 Sagittariam
650 332 888 384 eXercens
911 341 1081 394 artem,

303 418 468 466 Avem
491 415 673 478 plumis
691 413 964 476 fulgentem

306 493 509 544 Crudeli
534 489 719 555 sagitta
741 490 1038 539 vulneravit.

311 572 409 622 Sed
433 577 547 618 ante
571 570 719 631 pedes
744 569 790 616 ei
815 568 1001 616 decidit

305 648 420 697 Ah!
457 648 745 709 neutiquam
772 646 880 693 avis
904 650 1150 707 pennata3

309 726 408 776 Sed
441 731 636 773 mortua
663 723 823 786 jacuit
857 723 1225 771 adolescentula

304 804 489 852 Pulcro
514 804 624 850 sinu
650 807 919 849 cruentata.

307 882 439 929 Tum
463 879 626 928 subito
651 886 896 926 novantur
920 879 1099 926 omnia.

306 959 437 1007 Nam
453 957 657 1020 juvenis
680 958 844 1005 ventis
868 963 1108 1019 raptatus,

308 1036 587 1084 Devehitur
612 1034 868 1083 Orientem
892 1033 1084 1093 versus,

309 1115 412 1164 Ubi
435 1113 595 1160 Lacus
619 1112 807 1159 relucet
831 1113 1005 1174 ingens
1028 1130 1041 1167 3
1147 1106 1149 1108 ’

308 1190 529 1252 Postque
552 1190 779 1237 feruntur
802 1204 919 1237 aves
944 1189 1057 1236 illae

310 1269 606 1327 Volitantes‚
632 1269 685 1314 vi
708 1265 865 1315 multa
888 1268 1132 1329 abreptae,

308 1347 494 1396 Pennis
519 1346 730 1393 caducae
755 1345 950 1403 lucidis,

310 1426 386 1474 Ut
409 1425 543 1487 picta
565 1423 842 1470 Auctumni
867 1423 998 1471 folia.
1647 1467 1650 1477 ,

311 1502 537 1563 Denique
563 1502 670 1563 ipsa
687 1517 799 1548 cum
824 1500 1008 1549 Ossaeo
1032 1501 1197 1548 casula
1643 1503 1650 1530 ¹

314 1579 537 1641 Cumque
563 1575 791 1627 Owienia
813 1578 1042 1640 pervenit
1067 1578 1226 1637 simul,
1646 1571 1650 1576 “

315 1657 488 1705 Donec
512 1656 678 1704 cuncti
703 1656 915 1703 insulam
939 1656 991 1702 in
1015 1656 1225 1703 viridem

318 1733 650 1792 Gramineam‚
676 1734 858 1780 mediis
876 1734 927 1779 in
950 1734 1092 1795 aquis

316 1813 528 1859 Maximi
543 1812 707 1858 nostri
729 1810 905 1870 LacfiS,
932 1817 1311 1874 congregantur.

316 1890 417 1938 Ast
440 1905 571 1948 aves,
596 1889 774 1936 iterum
798 1893 1027 1947 mutatae,

319 1968 548 2015 Formam
571 1966 770 2028 quidem
793 1980 1149 2027 recuperavere
1168 1966 1448 2024 humanam,

323 2042 524 2094 Statura
547 2040 761 2090 humana
782 2043 998 2090 minores
1017 2062 1030 2100 3

319 2122 515 2185 Quippe
541 2122 592 2168 in
609 2122 888 2184 Pygmaeos
914 2127 1192 2170 vertuntur.

316 2200 428 2248 Illic
453 2200 542 2247 sub
568 2196 713 2246 stella
735 2197 1018 2260 vespertina

315 2278 541 2325 Amoeno
564 2277 764 2324 aestatis
784 2277 1090 2338 crepusculo,

316 2355 378 2402 In
404 2355 663 2403 salebrosis
688 2354 876 2401 insulae
902 2355 1120 2416 scopulis

315 2433 414 2483 Vel
432 2433 608 2479 humili
632 2433 685 2479 in
719 2429 884 2490 arena,
910 2432 1136 2480 choream

315 2510 353 2558 ,J
356 2511 517 2558 unctis
540 2511 766 2557 manibus
791 2516 1027 2557 exercent
1049 2527 1060 2557 :

320 2587 542 2647 Quorum
567 2589 656 2635 sub
673 2590 821 2635 astris
847 2587 1159 2636 saltationem

315 2665 624 2727 Beatumque
650 2666 787 2713 vocis
813 2672 1011 2713 cantum

315 2743 600 2790 Etiamnum
623 2744 761 2790 audit
784 2744 999 2805 piscator

316 2819 380 2867 In
399 2835 570 2868 sereno
594 2821 772 2869 aestivi
796 2820 1065 2884 vesperis.''
