<?xml version="1.0" encoding="UTF-8"?>
<!DOCTYPE html PUBLIC "-//W3C//DTD XHTML 1.0 Transitional//EN"
    "http://www.w3.org/TR/xhtml1/DTD/xhtml1-transitional.dtd">
<html xmlns="http://www.w3.org/1999/xhtml" xml:lang="en" lang="en">
 <head>
  <title>
</title>
<meta http-equiv="Content-Type" content="text/html;charset=utf-8" />
  <meta name='ocr-system' content='tesseract 3.04.00' />
  <meta name='ocr-capabilities' content='ocr_page ocr_carea ocr_par ocr_line ocrx_word'/>
</head>
<body>
  <div class='ocr_page' id='page_1' title='image "./hiawatha00longrich_0012.png"; bbox 0 0 1708 3106; ppageno 0'>
   <div class='ocr_carea' id='block_1_1' title="bbox 825 193 1185 243">
    <p class='ocr_par' dir='ltr' id='par_1_1' title="bbox 825 193 1185 243">
     <span class='ocr_line' id='line_1_1' title="bbox 825 193 1185 243; baseline -0.011 0"><span class='ocrx_word' id='word_1_1' title='bbox 825 193 1185 243; x_wconf 80' lang='lat' dir='ltr'><em>Introduction.</em></span> 
     </span>
    </p>
   </div>
   <div class='ocr_carea' id='block_1_2' title="bbox 428 335 1615 1251">
    <p class='ocr_par' dir='ltr' id='par_1_2' title="bbox 428 335 1615 1242">
     <span class='ocr_line' id='line_1_2' title="bbox 444 335 1195 394; baseline -0.009 -5"><span class='ocrx_word' id='word_1_2' title='bbox 444 341 507 389; x_wconf 94' lang='lat' dir='ltr'>In</span> <span class='ocrx_word' id='word_1_3' title='bbox 530 338 846 389; x_wconf 84' lang='lat' dir='ltr'>contabulatis</span> <span class='ocrx_word' id='word_1_4' title='bbox 868 337 979 384; x_wconf 90' lang='lat' dir='ltr'><strong>fibri</strong></span> <span class='ocrx_word' id='word_1_5' title='bbox 1003 335 1195 394; x_wconf 88' lang='lat' dir='ltr'>casulis,</span> 
     </span>
     <span class='ocr_line' id='line_1_3' title="bbox 445 411 1300 478; baseline -0.008 -14"><span class='ocrx_word' id='word_1_6' title='bbox 445 417 506 464; x_wconf 93' lang='lat' dir='ltr'>In</span> <span class='ocrx_word' id='word_1_7' title='bbox 530 416 752 478; x_wconf 86' lang='lat' dir='ltr'>vestigiis</span> <span class='ocrx_word' id='word_1_8' title='bbox 775 414 1068 476; x_wconf 86' lang='lat' dir='ltr'>ungularum</span> <span class='ocrx_word' id='word_1_9' title='bbox 1090 411 1300 470; x_wconf 87' lang='lat' dir='ltr'>bonassi,</span> 
     </span>
     <span class='ocr_line' id='line_1_4' title="bbox 444 488 1303 552; baseline -0.008 -11"><span class='ocrx_word' id='word_1_10' title='bbox 444 493 506 541; x_wconf 95' lang='lat' dir='ltr'>In</span> <span class='ocrx_word' id='word_1_11' title='bbox 529 493 709 540; x_wconf 84' lang='lat' dir='ltr'>laribus</span> <span class='ocrx_word' id='word_1_12' title='bbox 732 491 1002 552; x_wconf 88' lang='lat' dir='ltr'>aquilarum</span> <span class='ocrx_word' id='word_1_13' title='bbox 1026 488 1303 550; x_wconf 88' lang='lat' dir='ltr'>praecelsis.</span> 
     </span>
     <span class='ocr_line' id='line_1_5' title="bbox 445 565 1323 617; baseline -0.007 0"><span class='ocrx_word' id='word_1_14' title='bbox 445 570 584 617; x_wconf 83' lang='lat' dir='ltr'>Haec</span> <span class='ocrx_word' id='word_1_15' title='bbox 608 569 681 615; x_wconf 93' lang='lat' dir='ltr'>illi</span> <span class='ocrx_word' id='word_1_16' title='bbox 704 568 921 616; x_wconf 78' lang='lat' dir='ltr'>cecinere</span> <span class='ocrx_word' id='word_1_17' title='bbox 945 565 1076 613; x_wconf 88' lang='lat' dir='ltr'>ferae</span> <span class='ocrx_word' id='word_1_18' title='bbox 1100 565 1323 612; x_wconf 87' lang='lat' dir='ltr'>volucres</span> 
     </span>
     <span class='ocr_line' id='line_1_6' title="bbox 442 642 1331 699; baseline -0.007 -6"><span class='ocrx_word' id='word_1_19' title='bbox 442 645 539 693; x_wconf 90' lang='lat' dir='ltr'>Per</span> <span class='ocrx_word' id='word_1_20' title='bbox 560 650 785 692; x_wconf 88' lang='lat' dir='ltr'>montana</span> <span class='ocrx_word' id='word_1_21' title='bbox 807 642 1100 691; x_wconf 89' lang='lat' dir='ltr'>incultorum</span> <span class='ocrx_word' id='word_1_22' title='bbox 1123 646 1331 699; x_wconf 89' lang='lat' dir='ltr'>rusceta,</span> 
     </span>
     <span class='ocr_line' id='line_1_7' title="bbox 442 719 1347 781; baseline -0.006 -12"><span class='ocrx_word' id='word_1_23' title='bbox 442 723 541 769; x_wconf 86' lang='lat' dir='ltr'>Per</span> <span class='ocrx_word' id='word_1_24' title='bbox 562 722 796 768; x_wconf 83' lang='lat' dir='ltr'>maximas</span> <span class='ocrx_word' id='word_1_25' title='bbox 819 721 1103 781; x_wconf 87' lang='lat' dir='ltr'>tristeisque</span> <span class='ocrx_word' id='word_1_26' title='bbox 1129 719 1347 780; x_wconf 90' lang='lat' dir='ltr'>paludes.</span> 
     </span>
     <span class='ocr_line' id='line_1_8' title="bbox 444 794 1615 862; baseline -0.003 -17"><span class='ocrx_word' id='word_1_27' title='bbox 444 798 584 845; x_wconf 88' lang='lat' dir='ltr'>Talia</span> <span class='ocrx_word' id='word_1_28' title='bbox 607 798 783 846; x_wconf 81' lang='lat' dir='ltr'>cecinit</span> <span class='ocrx_word' id='word_1_29' title='bbox 805 797 1067 859; x_wconf 88' lang='lat' dir='ltr'>pluvianus</span> <span class='ocrx_word' id='word_1_30' title='bbox 1091 802 1141 843; x_wconf 92' lang='lat' dir='ltr'>et</span> <span class='ocrx_word' id='word_1_31' title='bbox 1162 810 1359 858; x_wconf 87' lang='lat' dir='ltr'>mergus</span> <span class='ocrx_word' id='word_1_32' title='bbox 1381 794 1615 862; x_wconf 85' lang='lat' dir='ltr'>glacialis,</span> 
     </span>
     <span class='ocr_line' id='line_1_9' title="bbox 443 874 1128 922; baseline -0.004 0"><span class='ocrx_word' id='word_1_33' title='bbox 443 875 612 922; x_wconf 87' lang='lat' dir='ltr'>Ardea</span> <span class='ocrx_word' id='word_1_34' title='bbox 634 874 854 922; x_wconf 86' lang='lat' dir='ltr'>caerulea</span> <span class='ocrx_word' id='word_1_35' title='bbox 876 889 932 921; x_wconf 91' lang='lat' dir='ltr'>ac</span> <span class='ocrx_word' id='word_1_36' title='bbox 956 879 1128 920; x_wconf 88' lang='lat' dir='ltr'>tetrao.</span> 
     </span>
     <span class='ocr_line' id='line_1_10' title="bbox 508 949 1566 1013; baseline -0.004 -13"><span class='ocrx_word' id='word_1_37' title='bbox 508 951 653 1000; x_wconf 88' lang='lat' dir='ltr'>Ultra</span> <span class='ocrx_word' id='word_1_38' title='bbox 676 952 717 998; x_wconf 90' lang='lat' dir='ltr'>si</span> <span class='ocrx_word' id='word_1_39' title='bbox 740 952 935 1013; x_wconf 81' lang='lat' dir='ltr'>rogites,</span> <span class='ocrx_word' id='word_1_40' title='bbox 961 951 1071 1011; x_wconf 91' lang='lat' dir='ltr'>quis</span> <span class='ocrx_word' id='word_1_41' title='bbox 1095 949 1243 998; x_wconf 90' lang='lat' dir='ltr'>fuerit</span> <span class='ocrx_word' id='word_1_42' title='bbox 1264 949 1566 1008; x_wconf 69' lang='lat' dir='ltr'>Nawadaha,</span> 
     </span>
     <span class='ocr_line' id='line_1_11' title="bbox 443 1027 1087 1097; baseline -0.002 -23"><span class='ocrx_word' id='word_1_43' title='bbox 443 1027 552 1074; x_wconf 88' lang='lat' dir='ltr'>Tali</span> <span class='ocrx_word' id='word_1_44' title='bbox 574 1043 805 1089; x_wconf 90' lang='lat' dir='ltr'>responso</span> <span class='ocrx_word' id='word_1_45' title='bbox 828 1028 1087 1097; x_wconf 85' lang='lat' dir='ltr'>explicem.</span> 
     </span>
     <span class='ocr_line' id='line_1_12' title="bbox 428 1086 1101 1168; baseline 0 -17"><span class='ocrx_word' id='word_1_46' title='bbox 428 1101 503 1151; x_wconf 61' lang='lat' dir='ltr'>“In</span> <span class='ocrx_word' id='word_1_47' title='bbox 515 1098 651 1153; x_wconf 77' lang='lat' dir='ltr'>valle</span> <span class='ocrx_word' id='word_1_48' title='bbox 674 1105 845 1151; x_wconf 68' lang='lat' dir='ltr'>viridi</span> <span class='ocrx_word' id='word_1_49' title='bbox 834 1120 902 1168; x_wconf 54' lang='lat' dir='ltr'>fac</span> <span class='ocrx_word' id='word_1_50' title='bbox 908 1086 1101 1160; x_wconf 62' lang='lat' dir='ltr'>silente</span> 
     </span>
     <span class='ocr_line' id='line_1_13' title="bbox 440 1156 1484 1251; baseline 0.001 -24"><span class='ocrx_word' id='word_1_51' title='bbox 440 1178 648 1242; x_wconf 87' lang='lat' dir='ltr'>Propter</span> <span class='ocrx_word' id='word_1_52' title='bbox 670 1179 855 1228; x_wconf 78' lang='lat' dir='ltr'>rivulos</span> <span class='ocrx_word' id='word_1_53' title='bbox 878 1156 1104 1251; x_wconf 71' lang='lat' dir='ltr'>amoenos</span> <span class='ocrx_word' id='word_1_54' title='bbox 1130 1181 1484 1229; x_wconf 87' lang='lat' dir='ltr'>Tawasenthae</span> 
     </span>
    </p>
   </div>
   <div class='ocr_carea' id='block_1_3' title="bbox 441 1233 1209 1326">
    <p class='ocr_par' dir='ltr' id='par_1_3' title="bbox 356 1233 1209 1327">
     <span class='ocr_line' id='line_1_14' title="bbox 441 1233 1209 1326; baseline 0.001 -22.9"><span class='ocrx_word' id='word_1_55' title='bbox 441 1251 707 1326; x_wconf 66' lang='lat' dir='ltr'>Habitabat</span> <span class='ocrx_word' id='word_1_56' title='bbox 721 1250 863 1315; x_wconf 46' lang='lat' dir='ltr'>‘vates</span> <span class='ocrx_word' id='word_1_57' title='bbox 886 1233 1208 1317; x_wconf 73' lang='lat' dir='ltr'>Nawadaha·</span> <span class='ocrx_word' id='word_1_58' title='bbox 1196 1277 1209 1314; x_wconf 93' lang='lat'>;</span> 
     </span>
    </p>
   </div>
   <div class='ocr_carea' id='block_1_4' title="bbox 412 1315 1564 2867">
    <p class='ocr_par' dir='ltr' id='par_1_4' title="bbox 412 1315 1369 1474">
     <span class='ocr_line' id='line_1_15' title="bbox 412 1315 1369 1395; baseline 0.003 -15"><span class='ocrx_word' id='word_1_59' title='bbox 412 1335 417 1340; x_wconf 9' lang='grc' dir='ltr'>Κ</span> <span class='ocrx_word' id='word_1_60' title='bbox 441 1315 729 1395; x_wconf 77' lang='lat' dir='ltr'>Vicumque</span> <span class='ocrx_word' id='word_1_61' title='bbox 737 1316 1041 1382; x_wconf 76' lang='lat' dir='ltr'>Indicaniim</span> <span class='ocrx_word' id='word_1_62' title='bbox 1052 1331 1369 1383; x_wconf 85' lang='lat' dir='ltr'>circumcirca</span> 
     </span>
     <span class='ocr_line' id='line_1_16' title="bbox 441 1411 1210 1474; baseline 0.004 -18"><span class='ocrx_word' id='word_1_63' title='bbox 441 1411 735 1458; x_wconf 84' lang='lat' dir='ltr'>Ambiebant</span> <span class='ocrx_word' id='word_1_64' title='bbox 759 1418 901 1473; x_wconf 85' lang='lat' dir='ltr'>prata</span> <span class='ocrx_word' id='word_1_65' title='bbox 923 1428 979 1459; x_wconf 90' lang='lat' dir='ltr'>ac</span> <span class='ocrx_word' id='word_1_66' title='bbox 1004 1418 1210 1474; x_wconf 80' lang='lat' dir='ltr'>segetes.</span> 
     </span>
    </p>

    <p class='ocr_par' dir='ltr' id='par_1_5' title="bbox 441 1487 1166 1536">
     <span class='ocr_line' id='line_1_17' title="bbox 441 1487 1166 1536; baseline 0.001 -2"><span class='ocrx_word' id='word_1_67' title='bbox 441 1487 587 1534; x_wconf 87' lang='lat' dir='ltr'>Ultra</span> <span class='ocrx_word' id='word_1_68' title='bbox 609 1494 771 1535; x_wconf 91' lang='lat' dir='ltr'>autem</span> <span class='ocrx_word' id='word_1_69' title='bbox 796 1489 921 1535; x_wconf 91' lang='lat' dir='ltr'>silva</span> <span class='ocrx_word' id='word_1_70' title='bbox 944 1490 1166 1536; x_wconf 89' lang='lat' dir='ltr'>constitit</span> 
     </span>
    </p>

    <p class='ocr_par' dir='ltr' id='par_1_6' title="bbox 440 1564 1564 1845">
     <span class='ocr_line' id='line_1_18' title="bbox 442 1564 1265 1627; baseline 0.002 -17"><span class='ocrx_word' id='word_1_71' title='bbox 442 1564 519 1611; x_wconf 90' lang='lat' dir='ltr'>Ac</span> <span class='ocrx_word' id='word_1_72' title='bbox 543 1580 738 1612; x_wconf 90' lang='lat' dir='ltr'>nemora</span> <span class='ocrx_word' id='word_1_73' title='bbox 761 1567 985 1627; x_wconf 89' lang='lat' dir='ltr'>pinorum</span> <span class='ocrx_word' id='word_1_74' title='bbox 1009 1567 1265 1626; x_wconf 84' lang='lat' dir='ltr'>vocalium,</span> 
     </span>
     <span class='ocr_line' id='line_1_19' title="bbox 440 1641 1349 1704; baseline 0.004 -17"><span class='ocrx_word' id='word_1_75' title='bbox 440 1641 644 1689; x_wconf 86' lang='lat' dir='ltr'>Aestate</span> <span class='ocrx_word' id='word_1_76' title='bbox 668 1643 910 1702; x_wconf 89' lang='lat' dir='ltr'>viridium,</span> <span class='ocrx_word' id='word_1_77' title='bbox 936 1644 1152 1690; x_wconf 89' lang='lat' dir='ltr'>albarum</span> <span class='ocrx_word' id='word_1_78' title='bbox 1174 1644 1349 1704; x_wconf 88' lang='lat' dir='ltr'>hieme,</span> 
     </span>
     <span class='ocr_line' id='line_1_20' title="bbox 444 1717 1564 1784; baseline 0.004 -18"><span class='ocrx_word' id='word_1_79' title='bbox 444 1717 642 1779; x_wconf 90' lang='lat' dir='ltr'>Semper</span> <span class='ocrx_word' id='word_1_80' title='bbox 667 1721 1026 1781; x_wconf 85' lang='lat' dir='ltr'>suspirantium,</span> <span class='ocrx_word' id='word_1_81' title='bbox 1054 1738 1244 1784; x_wconf 90' lang='lat' dir='ltr'>semper</span> <span class='ocrx_word' id='word_1_82' title='bbox 1268 1722 1564 1771; x_wconf 69' lang='lat' dir='ltr'>canentium.</span> 
     </span>
     <span class='ocr_line' id='line_1_21' title="bbox 441 1794 1092 1845; baseline 0.003 -2"><span class='ocrx_word' id='word_1_83' title='bbox 441 1794 512 1843; x_wconf 92' lang='lat' dir='ltr'>At</span> <span class='ocrx_word' id='word_1_84' title='bbox 533 1811 754 1843; x_wconf 87' lang='lat' dir='ltr'>amoenos</span> <span class='ocrx_word' id='word_1_85' title='bbox 778 1797 886 1843; x_wconf 92' lang='lat' dir='ltr'>illos</span> <span class='ocrx_word' id='word_1_86' title='bbox 908 1798 1092 1845; x_wconf 88' lang='lat' dir='ltr'>rivulos</span> 
     </span>
    </p>

    <p class='ocr_par' dir='ltr' id='par_1_7' title="bbox 440 1871 1180 1938">
     <span class='ocr_line' id='line_1_22' title="bbox 440 1871 1180 1938; baseline 0.007 -21"><span class='ocrx_word' id='word_1_87' title='bbox 440 1871 615 1918; x_wconf 85' lang='lat' dir='ltr'>Posses</span> <span class='ocrx_word' id='word_1_88' title='bbox 638 1888 725 1933; x_wconf 93' lang='lat' dir='ltr'>per</span> <span class='ocrx_word' id='word_1_89' title='bbox 748 1874 923 1921; x_wconf 88' lang='lat' dir='ltr'>vallem</span> <span class='ocrx_word' id='word_1_90' title='bbox 948 1875 1180 1938; x_wconf 86' lang='lat' dir='ltr'>indagare</span> 
     </span>
    </p>

    <p class='ocr_par' dir='ltr' id='par_1_8' title="bbox 439 1947 1085 2013">
     <span class='ocr_line' id='line_1_23' title="bbox 439 1947 1085 2013; baseline 0.008 -20"><span class='ocrx_word' id='word_1_91' title='bbox 439 1947 605 1995; x_wconf 88' lang='lat' dir='ltr'>Verno</span> <span class='ocrx_word' id='word_1_92' title='bbox 629 1965 861 2010; x_wconf 90' lang='lat' dir='ltr'>aquarum</span> <span class='ocrx_word' id='word_1_93' title='bbox 884 1951 1085 2013; x_wconf 82' lang='lat' dir='ltr'>impetu,</span> 
     </span>
    </p>

    <p class='ocr_par' dir='ltr' id='par_1_9' title="bbox 439 2023 1071 2087">
     <span class='ocr_line' id='line_1_24' title="bbox 439 2023 1071 2087; baseline 0.009 -18"><span class='ocrx_word' id='word_1_94' title='bbox 439 2023 644 2071; x_wconf 90' lang='lat' dir='ltr'>Aestivo</span> <span class='ocrx_word' id='word_1_95' title='bbox 667 2026 885 2072; x_wconf 89' lang='lat' dir='ltr'>alnorum</span> <span class='ocrx_word' id='word_1_96' title='bbox 908 2034 1071 2087; x_wconf 88' lang='lat' dir='ltr'>auctu,</span> 
     </span>
    </p>

    <p class='ocr_par' dir='ltr' id='par_1_10' title="bbox 436 2098 1073 2165">
     <span class='ocr_line' id='line_1_25' title="bbox 436 2098 1073 2165; baseline 0.013 -20"><span class='ocrx_word' id='word_1_97' title='bbox 436 2098 569 2148; x_wconf 64' lang='lat' dir='ltr'>Alba</span> <span class='ocrx_word' id='word_1_98' title='bbox 590 2101 858 2149; x_wconf 89' lang='lat' dir='ltr'>Auctumni</span> <span class='ocrx_word' id='word_1_99' title='bbox 881 2103 1073 2165; x_wconf 69' lang='lat' dir='ltr'>nebula,</span> 
     </span>
    </p>

    <p class='ocr_par' dir='ltr' id='par_1_11' title="bbox 436 2176 1011 2238">
     <span class='ocr_line' id='line_1_26' title="bbox 436 2176 1011 2238; baseline 0.014 -16"><span class='ocrx_word' id='word_1_100' title='bbox 436 2176 596 2238; x_wconf 86' lang='lat' dir='ltr'>Nigro</span> <span class='ocrx_word' id='word_1_101' title='bbox 620 2178 834 2226; x_wconf 90' lang='lat' dir='ltr'>Hiemali</span> <span class='ocrx_word' id='word_1_102' title='bbox 857 2181 1011 2230; x_wconf 89' lang='lat' dir='ltr'>alveo.</span> 
     </span>
    </p>

    <p class='ocr_par' dir='ltr' id='par_1_12' title="bbox 436 2253 1328 2396">
     <span class='ocr_line' id='line_1_27' title="bbox 436 2253 1328 2316; baseline 0.011 -17"><span class='ocrx_word' id='word_1_103' title='bbox 436 2253 645 2315; x_wconf 86' lang='lat' dir='ltr'>Propter</span> <span class='ocrx_word' id='word_1_104' title='bbox 669 2272 789 2316; x_wconf 90' lang='lat' dir='ltr'>quos</span> <span class='ocrx_word' id='word_1_105' title='bbox 812 2258 1061 2306; x_wconf 86' lang='lat' dir='ltr'>habitabat</span> <span class='ocrx_word' id='word_1_106' title='bbox 1086 2260 1167 2308; x_wconf 92' lang='lat' dir='ltr'>ille</span> <span class='ocrx_word' id='word_1_107' title='bbox 1192 2268 1328 2309; x_wconf 86' lang='lat' dir='ltr'>vates</span> 
     </span>
     <span class='ocr_line' id='line_1_28' title="bbox 438 2328 1169 2396; baseline 0.011 -20"><span class='ocrx_word' id='word_1_108' title='bbox 438 2328 553 2391; x_wconf 68' lang='lat' dir='ltr'>Ipsa</span> <span class='ocrx_word' id='word_1_109' title='bbox 576 2332 627 2377; x_wconf 90' lang='lat' dir='ltr'>in</span> <span class='ocrx_word' id='word_1_110' title='bbox 651 2333 777 2380; x_wconf 89' lang='lat' dir='ltr'>valle</span> <span class='ocrx_word' id='word_1_111' title='bbox 803 2334 1169 2396; x_wconf 85' lang='lat' dir='ltr'>Tawasenthae,</span> 
     </span>
    </p>

    <p class='ocr_par' dir='ltr' id='par_1_13' title="bbox 437 2405 1032 2461">
     <span class='ocr_line' id='line_1_29' title="bbox 437 2405 1032 2461; baseline 0.013 -9"><span class='ocrx_word' id='word_1_112' title='bbox 437 2405 599 2454; x_wconf 90' lang='lat' dir='ltr'>Viridi</span> <span class='ocrx_word' id='word_1_113' title='bbox 623 2410 748 2456; x_wconf 88' lang='lat' dir='ltr'>valle</span> <span class='ocrx_word' id='word_1_114' title='bbox 772 2426 827 2458; x_wconf 87' lang='lat' dir='ltr'>ac</span> <span class='ocrx_word' id='word_1_115' title='bbox 852 2412 1032 2461; x_wconf 89' lang='lat' dir='ltr'>silenti.</span> 
     </span>
    </p>

    <p class='ocr_par' dir='ltr' id='par_1_14' title="bbox 439 2482 1344 2704">
     <span class='ocr_line' id='line_1_30' title="bbox 440 2482 1187 2551; baseline 0.013 -23"><span class='ocrx_word' id='word_1_116' title='bbox 440 2482 550 2530; x_wconf 89' lang='lat' dir='ltr'>Illic</span> <span class='ocrx_word' id='word_1_117' title='bbox 575 2485 632 2532; x_wconf 93' lang='lat' dir='ltr'>de</span> <span class='ocrx_word' id='word_1_118' title='bbox 657 2485 925 2536; x_wconf 68' lang='lat' dir='ltr'>Hiawatha</span> <span class='ocrx_word' id='word_1_119' title='bbox 949 2491 1187 2551; x_wconf 87' lang='lat' dir='ltr'>cantabat,</span> 
     </span>
     <span class='ocr_line' id='line_1_31' title="bbox 441 2558 1344 2632; baseline 0.017 -27"><span class='ocrx_word' id='word_1_120' title='bbox 441 2558 789 2624; x_wconf 86' lang='lat' dir='ltr'>Recitabatque</span> <span class='ocrx_word' id='word_1_121' title='bbox 813 2580 1011 2614; x_wconf 91' lang='lat' dir='ltr'>carmen</span> <span class='ocrx_word' id='word_1_122' title='bbox 1035 2568 1344 2632; x_wconf 77' lang='lat' dir='ltr'>Hiaw‘athae,</span> 
     </span>
     <span class='ocr_line' id='line_1_32' title="bbox 439 2634 1251 2704; baseline 0.017 -23"><span class='ocrx_word' id='word_1_123' title='bbox 439 2634 556 2683; x_wconf 86' lang='lat' dir='ltr'>Miri</span> <span class='ocrx_word' id='word_1_124' title='bbox 580 2638 786 2687; x_wconf 90' lang='lat' dir='ltr'>hominis</span> <span class='ocrx_word' id='word_1_125' title='bbox 810 2644 1101 2692; x_wconf 87' lang='lat' dir='ltr'>mirabiliter</span> <span class='ocrx_word' id='word_1_126' title='bbox 1124 2649 1251 2704; x_wconf 84' lang='lat' dir='ltr'>nati3</span> 
     </span>
    </p>

    <p class='ocr_par' dir='ltr' id='par_1_15' title="bbox 441 2711 1346 2787">
     <span class='ocr_line' id='line_1_33' title="bbox 441 2711 1346 2787; baseline 0.018 -29"><span class='ocrx_word' id='word_1_127' title='bbox 441 2711 515 2760; x_wconf 87' lang='lat' dir='ltr'>Ut</span> <span class='ocrx_word' id='word_1_128' title='bbox 538 2719 748 2765; x_wconf 89' lang='lat' dir='ltr'>oraverit</span> <span class='ocrx_word' id='word_1_129' title='bbox 771 2735 826 2766; x_wconf 89' lang='lat' dir='ltr'>ac</span> <span class='ocrx_word' id='word_1_130' title='bbox 851 2720 1026 2768; x_wconf 85' lang='lat' dir='ltr'>famem</span> <span class='ocrx_word' id='word_1_131' title='bbox 1051 2724 1346 2787; x_wconf 89' lang='lat' dir='ltr'>toleraverit,</span> 
     </span>
    </p>

    <p class='ocr_par' dir='ltr' id='par_1_16' title="bbox 442 2788 1461 2867">
     <span class='ocr_line' id='line_1_34' title="bbox 442 2788 1461 2867; baseline 0.02 -32"><span class='ocrx_word' id='word_1_132' title='bbox 442 2788 513 2836; x_wconf 89' lang='lat' dir='ltr'>Ut</span> <span class='ocrx_word' id='word_1_133' title='bbox 538 2792 734 2853; x_wconf 87' lang='lat' dir='ltr'>vixerit,</span> <span class='ocrx_word' id='word_1_134' title='bbox 761 2796 1082 2860; x_wconf 86' lang='lat' dir='ltr'>desudaverit,</span> <span class='ocrx_word' id='word_1_135' title='bbox 1108 2803 1461 2867; x_wconf 75' lang='lat' dir='ltr'>perduraverit,</span> 
     </span>
    </p>
   </div>
  </div>
 </body>
</html>
