1708 3106
478 217 691 254 CARMEN
726 213 1076 250 mAwAzrnAn.
1417 201 1473 246 ll

279 350 408 398 Tum
431 349 605 397 bellico
624 352 773 395 cantu
796 345 1000 410 longum
1022 358 1292 407 personans

213 427 420 478 Clavam
442 426 668 474 bellicam
687 425 895 472 sublime
912 427 1149 471 retortam

211 505 420 561 Defert;
460 509 510 552 et
533 505 722 566 Regem
745 503 959 550 ferarum

210 580 381 632 Media
404 585 456 631 in
479 582 642 629 fronte
665 581 856 628 directo

209 659 352 723 Ipsos
376 661 505 708 inter
529 658 695 706 oculos
719 657 952 720 percutit.

278 736 479 786 Scilicet
501 736 741 784 attonitus
764 734 908 797 gravi
932 734 1036 781 ictu

209 813 453 877 Surgebat
475 829 618 862 ursus
642 813 818 875 ingens
841 816 1101 858 montanus
1122 826 1135 858 ε

208 890 306 940 Sed
328 892 553 955 genubus
571 890 740 938 subter
763 889 1089 937 trementibus

207 968 441 1017 Feminae
465 970 621 1016 instar
644 967 875 1029 ejulabat,

203 1045 551 1110 Vertiginosus
575 1062 632 1094 ac
655 1046 876 1093 titubans
900 1060 1141 1107 prorsum,

206 1123 333 1171 Mox
356 1125 554 1172 natibus
578 1124 849 1186 suppositis
874 1123 1111 1170 insidens.

207 1200 283 1249 At
305 1201 596 1265 Magiceius,
621 1201 813 1264 pollens
836 1201 891 1248 vi
913 1197 1094 1259 valida,

206 1278 385 1328 Coram
407 1280 684 1342 intrepidus
706 1284 886 1337 astans,

206 1354 394 1419 Magna
417 1357 673 1405 deridebat
695 1371 832 1415 voce,

208 1432 351 1481 Talia
374 1433 698 1497 dedignanter
721 1433 953 1496 ingerens
974 1449 988 1480 ε

276 1509 577 1570 “Ausculta,
601 1510 736 1559 Urse
758 1510 770 1557 l
806 1515 863 1557 tu
887 1525 1007 1558 vero
1030 1508 1367 1571 praetimiduS,

204 1587 397 1650 Neque,
425 1588 618 1650 qualem
640 1593 690 1635 te
715 1587 992 1647 simulabas,
1015 1587 1225 1635 bellator
1247 1601 1302 1635 es

208 1664 303 1724 Tu,
329 1666 415 1727 qui
438 1664 592 1727 ejulas
615 1665 878 1727 plorasque

206 1741 439 1790 Feminae
462 1743 618 1789 instar
640 1742 954 1790 miserabilis.

205 1819 365 1867 Urse!
407 1824 523 1866 tuus
547 1819 758 1881 populus
781 1834 1016 1881 meusque
1041 1816 1221 1883 (nosti)

206 1896 399 1945 Infesto
422 1897 473 1943 in
490 1897 620 1944 bello
644 1898 966 1945 colluctamur
991 1897 1092 1945 diu.

206 1973 246 2022 J
246 1990 343 2033 am,
367 1975 484 2036 quia
506 1980 722 2022 nostram
745 1975 847 2021 vim
872 1975 1083 2022 senseris
1107 1974 1454 2037 praevalidam,

216 2050 320 2100 Sub
343 2048 547 2099 latebris
572 2052 810 2098 silvarum
832 2056 1014 2113 reptas,

208 2128 308 2177 Per
331 2129 541 2177 monteis
564 2134 615 2176 te
638 2128 899 2176 abscondis
922 2128 1206 2191 ignobilem.

207 2207 295 2256 Me
320 2208 361 2255 si
384 2213 441 2255 tu
465 2209 517 2255 in
540 2205 712 2270 pugna
734 2207 955 2265 vicisses,

206 2285 416 2333 Nullum
439 2300 530 2348 ego
554 2285 794 2347 gemitum
817 2284 1097 2333 edidissem.

209 2362 285 2410 At
308 2368 380 2422 tu,
407 2362 452 2412 O
477 2362 624 2421 Urse,
644 2362 865 2409 assidens
889 2361 1069 2423 ploras,

209 2439 455 2502 Fletuque
478 2440 743 2489 dedecoras
766 2445 963 2502 gentem
986 2445 1135 2500 tuam,

212 2516 397 2565 Pectus
416 2532 670 2580 exsangue
696 2517 1050 2576 semianimum,

211 2593 398 2643 Vetula
420 2592 666 2644 imbecilla
688 2611 787 2642 non
810 2594 1035 2642 fortius.''

279 2672 411 2720 Dein
434 2673 614 2721 iterum
638 2672 827 2720 clavam
850 2672 1048 2732 extulit,

212 2749 383 2812 Atque
408 2750 589 2798 iterum
612 2750 801 2813 Regem
825 2748 1038 2799 ferarum

212 2824 382 2876 Media
404 2827 457 2875 in
481 2826 643 2876 fronte
660 2828 923 2891 percussit,
