1650 3048
486 171 701 207 omium
735 171 1086 208 Huwssnm.
1421 163 1487 209 65

219 301 482 363 Hospitem
505 308 790 363 patremque
813 304 1072 363 auscultat,

218 378 394 439 Neque
419 394 589 426 vocem
613 394 678 426 ex
703 395 785 427 ore
809 382 1013 443 rumpit.

219 455 491 503 Auscultat
514 457 714 518 quidem
739 465 796 504 ut
819 458 870 505 in
894 459 1097 518 somnio,

217 533 353 586 Dum
377 534 588 595 plurima
610 540 778 581 narrat
802 535 993 596 hospes,

216 610 294 658 De
319 608 488 658 vetula
510 611 682 658 altrice
705 611 995 671 Nocomide,

218 687 296 735 De
321 686 563 741 Chibiabo
586 694 703 735 vate
726 689 933 748 musico,

218 764 296 812 De
322 762 578 824 Quasinda
599 765 854 812 hominum
879 766 1195 825 validissime,

217 841 393 904 Deque
417 839 608 889 laetitia
631 847 680 889 et
703 840 965 903 opulenti-{i⁴

216 918 278 966 In
301 920 501 982 regione
526 918 969 982 Ogibbawaiarum,

215 995 452 1044 «Iucunda
477 995 609 1044 terra
631 1013 688 1044 ac
711 995 899 1059 pacata.

286 1077 317 1099 “
333 1075 456 1121 Post
479 1075 615 1122 bella.
631 1081 681 1121 et
703 1074 915 1122 multum
939 1076 1228 1138 sanguinem

218 1152 357 1199 Inter
384 1168 470 1199 vos
495 1158 546 1200 et
569 1167 657 1199 nos
681 1168 780 1213 pax
805 1159 999 1200 constat
1016 1154 1068 1210 ;''

217 1230 389 1291 Inquit
413 1230 497 1277 ille
518 1247 531 1276 z
570 1235 676 1276 tum
697 1229 881 1277 lentius
904 1246 1150 1292 peroranS,

219 1310 249 1332 ‘⁶
270 1306 407 1366 Quae
431 1323 530 1369 pax
553 1320 611 1354 ut
634 1308 699 1354 sit
721 1314 975 1368 perpetua,

217 1385 297 1432 Da
318 1385 456 1443 mihi,
483 1383 528 1433 O
551 1389 705 1446 pater,
731 1385 857 1431 hanc
882 1386 1141 1448 virginem,

217 1462 573 1509 Minnehaham
595 1462 892 1509 Dacotidum
914 1463 1299 1524 pulcerrimam.’'

282 1539 356 1586 At
380 1546 526 1586 vetus
550 1539 841 1601 sagittarum
864 1538 1001 1587 faber

216 1616 518 1678 Interposito
541 1616 735 1663 silentio
760 1616 945 1664 fumat:

216 1694 396 1741 Filiam
421 1700 623 1756 paterno
648 1709 759 1741 cum
781 1709 958 1753 amore,

218 1772 484 1833 Hospitem
508 1771 817 1818 exsultanter
840 1777 1119 1822 contuetur.

220 1850 444 1896 Tandem
469 1848 596 1895 serio
620 1849 763 1895 vultu
787 1850 1081 1910 respondet:

220 1925 522 1988 “Quidquid
547 1925 657 1972 vult
681 1926 999 1985 Minnehaha‚
1025 1943 1115 1991 ego
1141 1930 1282 1977 volo:

217 1999 383 2052 Tuum
408 2009 581 2065 pectus
604 2018 656 2049 se
679 2003 910 2064 explicet,
936 2004 1267 2054 Minnehaha!
1280 2008 1306 2028 ''

285 2081 446 2142 Atqui
469 2080 691 2127 amabilis
715 2080 1021 2128 Minnehaha

216 2159 494 2207 Amabilior
516 2164 623 2205 tum
644 2163 846 2220 aspectu
868 2159 1073 2207 astabat.

214 2236 391 2298 Neque
415 2236 603 2294 lubenS,
629 2251 788 2297 neque
813 2236 984 2295 invita,
1011 2237 1097 2285 sed
1120 2239 1426 2299 erubescenS‚

216 2316 420 2363 Leniter
443 2313 738 2360 Hiawathae
761 2313 947 2372 assidit,

220 2395 251 2418 ‘⁶
267 2393 437 2453 Teque
462 2389 595 2454 (ait),
625 2389 669 2439 O
693 2390 896 2438 marite!
935 2393 1156 2453 sequar.'’

287 2469 371 2518 Sic
396 2484 624 2530 sponsam
646 2469 853 2515 ambivit
876 2468 1171 2527 Hiawatha3

224 2546 307 2597 Sic
330 2547 548 2594 Dacotae
573 2546 865 2609 sagittarum
888 2546 1014 2594 fabri

220 2625 402 2672 Filiam
426 2631 598 2680 nactus
623 2630 698 2672 est
721 2623 999 2687 conjugem.

219 2702 380 2761 Hanc,
405 2702 630 2749 manibus
653 2707 824 2748 mutuo
838 2700 1047 2762 junctis,

220 2780 264 2827 E
289 2780 487 2843 tugurio
512 2794 677 2828 secum
700 2779 850 2826 duxit

781 2870 812 2903 ιτ·
