1650 3048
138 210 200 259 76

460 204 571 254 The·
589 201 729 250 First
761 196 1216 261 Transformation.

267 352 493 408 OssaeuS,
518 346 664 396 corde
686 348 1020 406 permotus,—

257 428 427 478 Oculis
450 427 501 473 in
525 423 843 473 Occidentem
865 420 997 478 fixis,

266 506 369 555 Ubi
392 501 703 552 tremiscebat
727 497 1068 559 vespertinum
1090 494 1243 552 sidus,

266 583 511 631 Tenerum
535 579 668 626 sidus
691 575 1012 633 muliebre,—

265 661 535 708 Paternum
559 654 781 718 agnoscit
805 653 1013 714 signum,

270 737 339 785 Et
362 736 494 783 intus
517 745 840 789 murmurans,
865 732 938 776 ait
960 745 972 775 ε

267 817 279 839 ‘
297 813 341 862 O
366 819 518 875 pater,
542 824 679 857 meae
697 808 866 855 uxoris
889 806 1120 853 miserere
1142 803 1183 851 1’

273 891 401 938 Tum
427 902 686 936 susurrans
711 901 813 933 vox
836 884 1033 931 auditur

276 968 327 1017 A
351 963 540 1015 siderea
561 962 918 1026 longinquitate
939 960 1224 1017 adveniens,

278 1045 359 1092 Ex
384 1043 517 1090 inani
541 1041 770 1089 vastitate
794 1037 994 1101 profusa

278 1122 403 1171 Cum
426 1117 598 1168 tenera
620 1113 878 1165 harmonia
899 1114 1062 1162 mollis
1084 1131 1096 1161 :

279 1203 290 1225 ‘
312 1196 521 1248 Ossaee!
553 1197 624 1244 fili
648 1192 962 1242 dilectissime
986 1191 998 1239 ἔ

279 1277 372 1335 En,
396 1290 570 1337 rumpo
592 1273 684 1321 tibi
705 1286 961 1333 magorum
984 1268 1195 1327 vincula,

281 1355 355 1403 Ut
378 1353 508 1402 beati
533 1352 640 1399 sitis
664 1356 816 1411 tuque
834 1354 883 1396 et
905 1355 1005 1407 tua,

282 1432 350 1480 Et
373 1431 613 1478 derisores
637 1443 818 1490 poenas
841 1423 1010 1472 luant!

352 1511 380 1534 “
403 1508 532 1555 Tum
553 1513 759 1570 tremere
783 1504 949 1551 casula
965 1508 1016 1550 et
1039 1500 1275 1564 quassari,

290 1585 494 1635 Sursum
512 1586 562 1631 in
580 1599 720 1631 auras
744 1582 872 1629 elata

287 1664 332 1710 E
356 1662 570 1710 tenebris
593 1661 907 1707 arboreorum
930 1657 1267 1712 cacuminum3

288 1741 413 1788 Mox
437 1744 584 1787 vento
608 1737 893 1785 citatissimo
915 1735 1159 1797 abripitur

293 1818 394 1867 Sub
417 1814 610 1864 roscida
635 1815 885 1862 stellarum
902 1813 1012 1859 luce

295 1894 456 1944 Solem
474 1892 645 1941 versus
670 1892 813 1953 longe
837 1889 1158 1947 occidentem,

296 1972 483 2023 Sideris
507 1970 776 2032 vespertini
801 1967 1102 2014 domicilium
1127 1983 1139 2013 :

292 2051 460 2112 Atque
477 2049 639 2096 omnia
663 2047 829 2094 statim
845 2049 1115 2092 mutantur.

295 2126 520 2183 Ossaeus,
548 2122 636 2172 sua
658 2119 946 2184 recuperata
971 2121 1147 2183 specie,

291 2203 505 2252 Juvenis
528 2209 579 2252 et
596 2202 800 2249 decorus
823 2198 1040 2261 effulget.

299 2281 397 2330 Sed
419 2281 617 2343 pulcrae
641 2293 828 2326 sorores
852 2277 1113 2337 maritique

297 2357 493 2405 Noveni
518 2357 569 2403 in
593 2371 810 2403 novenas
833 2353 1076 2401 volucreis

299 2436 451 2482 Varie
469 2434 707 2482 coloratas
726 2431 1149 2492 conformatasque

302 2511 903 2571 Mutati,—-cantillabant,
930 2509 1214 2567 volitabant,

300 2589 510 2650 Obliquo
529 2589 766 2647 subsultu,
787 2587 996 2650 superbo
1020 2587 1229 2645 incessu,

302 2666 490 2713 Plumis
514 2667 714 2729 turgidi,
741 2665 960 2727 improbe
974 2664 1242 2727 splendidi,

303 2743 550 2805 Expansis
575 2744 757 2802 caudis,
783 2744 1071 2806 garrientes,
1098 2743 1406 2790 crocitantes.
1463 2750 1465 2752 ’

307 2819 405 2868 Sed
424 2819 644 2869 Owienia
662 2821 916 2871 incolumis
930 2820 1176 2869 retinebat
1202 2867 1205 2869 ,
