1650 3048
166 205 186 248 I
193 203 260 249 04

513 197 816 264 Departure
830 196 900 262 os
910 194 1206 245 Hiawatka.

290 339 588 390 Nostrorum
609 337 845 401 reliquias
869 337 1092 397 debilem,

291 417 367 468 Ut
388 416 654 466 nubeculas
677 411 897 478 procella
918 414 1151 477 disiectas

294 494 413 544 Sive
435 498 493 542 ut
515 492 635 541 folia
655 492 935 541 Auctumni
956 492 1188 552 marcida,

289 572 353 620 In
375 571 738 635 longinquitate
762 569 1051 620 Occidentis
1074 569 1416 632 disperituras.

289 648 413 713 Ego,
438 650 595 712 patris
618 648 817 697 oraculo
840 648 1122 707 arcessitus,

288 726 352 774 In
374 742 529 790 regna
551 725 704 776 Cauri
727 726 942 785 disced0,

288 803 369 851 Ibi
391 804 632 867 reliquam
654 809 921 852 exacturus
943 807 1183 852 aetatem:

287 880 503 943 Jamque
525 880 703 940 valete,
728 880 959 929 Fratres!
1001 879 1203 930 Sorores
1221 879 1272 928 !''

355 957 600 1005 Dixerat:
633 963 897 1021 astansque
921 959 974 1006 in
994 955 1107 1021 ripa

291 1036 448 1083 Manu
473 1032 667 1084 sublata
689 1035 966 1092 salutabat;

289 1113 421 1162 Tum
443 1114 497 1160 in
518 1112 676 1161 undas
699 1113 995 1162 clarissimas
1019 1127 1168 1176 super
1190 1111 1384 1176 lapillos

289 1190 553 1239 Betuleam
575 1190 796 1254 propulit
820 1190 1046 1255 cymbam
1064 1209 1078 1247 3

291 1267 443 1328 Quae,
461 1267 604 1330 jussa
627 1269 690 1316 ad
713 1269 974 1317 occiduum
996 1283 1278 1331 properare,

290 1345 441 1394 Dicto
463 1346 710 1406 obediens,
737 1345 966 1395 elabitur.

363 1422 468 1472 Sub
496 1422 612 1473 Sole
634 1424 833 1486 vesperi
856 1423 1137 1473 declinante

291 1499 466 1549 Nubes
489 1501 669 1549 rubore
692 1502 1074 1561 inflammantur,

287 1577 444 1626 Velut
466 1578 627 1640 campi
649 1578 888 1627 latissime
912 1580 1100 1627 incensi
1122 1596 1135 1627 ε

300 1653 400 1703 Sed
422 1654 669 1717 aequabili
693 1655 746 1703 in
769 1671 1008 1718 aquarum
1030 1671 1272 1705 marmore

291 1731 592 1780 Extrahitur
615 1748 794 1796 agmen
817 1733 1149 1796 splendorum,

294 1809 517 1870 Quorum
540 1825 629 1872 per
651 1810 871 1858 rivulum
894 1810 1163 1859 Hiawatha

293 1887 499 1949 Semper
522 1903 576 1936 se
600 1888 663 1935 ad
685 1889 944 1937 occiduum
968 1888 1203 1953 dirigens,

291 1965 356 2013 In
383 1964 514 2014 Solis
538 1965 700 2029 igneis
725 1967 1053 2029 deproperat3

289 2042 416 2091 Mox
442 2044 494 2090 in
517 2058 795 2106 purpureos
818 2059 1044 2107 vapores,

289 2120 421 2168 Tum
443 2120 496 2167 in
518 2122 853 2183 vespertinam
876 2122 1155 2186 caliginem.

290 2198 342 2245 A
366 2199 468 2246 suis
492 2198 545 2245 in
566 2200 790 2262 margine
812 2199 1039 2247 littorum

292 2274 599 2325 observatur
622 2275 866 2337 delabens,
890 2292 1171 2340 assurgens,

291 2352 368 2402 Εὸ
391 2369 562 2416 usque,
588 2354 706 2402 dum
728 2354 905 2419 cymba
927 2355 1184 2403 videretur

292 2429 356 2478 In
378 2446 513 2479 mare
535 2430 786 2495 fulgorum
809 2432 994 2482 elevari
1016 2451 1031 2489 ς

293 2507 507 2557 Demum
530 2509 584 2557 in
607 2515 914 2559 aestuantem
936 2525 1223 2573 purpuram,

293 2584 369 2634 Ut
391 2601 521 2634 nova
543 2586 677 2636 lente
700 2588 915 2637 declinat
936 2587 1069 2648 luna,

290 2662 451 2712 Lente
474 2664 744 2730 longinque
766 2665 1034 2714 absorberi.

293 2742 322 2764 “
337 2739 466 2789 Vale
488 2740 499 2788 1
537 2742 590 2789 in
613 2748 868 2791 aeternum
894 2742 1034 2792 vale!
1053 2743 1081 2765 ''
1112 2779 1115 2781 -

292 2815 590 2879 Inquiebant
610 2836 623 2868 τ
660 2822 689 2846 “
709 2819 754 2870 Ο
779 2821 889 2870 vale
912 2821 967 2868 in
991 2825 1248 2869 aeternum
1272 2819 1331 2869 !”
