1650 3048
145 196 210 241 90
543 190 664 238 Plot
697 190 765 253 of
787 189 867 236 the
901 189 1151 252 qumz'es.

277 331 466 379 Debilis
491 329 749 393 procubuit
772 330 1008 375 bonassus
1027 345 1040 383 3

282 408 439 457 Simul
461 424 587 454 unus
611 407 912 468 prospiciens
936 406 1107 452 vultur

277 486 360 532 Ex
385 485 583 532 sublimi
606 499 693 546 per
716 498 857 530 auras
883 482 1242 540 demittitur,—

282 563 460 611 Statim
478 562 617 621 alter,
644 562 761 608 item
785 561 909 607 alter
934 574 1093 621 porro,

276 640 567 702 Longinquo
591 655 656 686 ex
680 639 875 685 aethere
900 636 1162 694 contuitus,

275 718 565 765 Devolantis
590 717 906 779 praecipitem
930 716 1060 762 viam

268 795 519 857 Agnoscit
540 814 552 851 ;
577 811 693 841 mox
719 794 1046 855 subsequitur,

277 872 321 919 E
346 887 490 920 caeco
515 871 759 933 profundo
783 871 905 918 caeli

273 949 523 1007 Allabens,
549 948 708 1010 primo
733 954 788 994 ut
811 948 1016 1006 macula,

273 1027 403 1073 Dein
430 1027 543 1085 ales,
571 1026 718 1072 immo
742 1025 1016 1072 volturius:

275 1104 510 1162 Tandem,
536 1103 647 1149 aliis
670 1108 818 1164 atque
842 1103 952 1149 aliis
977 1100 1404 1163 congregantibus,

272 1180 577 1229 Obscuratur
603 1181 774 1241 pennis
801 1180 923 1226 dies.

338 1258 515 1320 Neque
532 1259 661 1305 mala
679 1257 968 1320 singillatim
992 1255 1219 1303 veniunt:

274 1336 388 1394 Sed,
415 1336 556 1397 quasi
581 1336 742 1382 clades
768 1336 996 1381 observet
1021 1333 1222 1391 cladem,

272 1414 390 1462 Una
416 1415 458 1460 si
482 1414 532 1460 in
557 1414 788 1460 miserum
814 1412 1082 1469 descendit,

273 1491 479 1539 Ceterae
503 1492 746 1554 gregatim
772 1491 1153 1552 subsequuntur,

275 1569 442 1623 Levis,
468 1585 524 1616 ac
543 1585 659 1615 mox
679 1569 907 1627 atrocior,

272 1647 441 1694 Aucto
466 1648 515 1693 in
539 1648 685 1693 horas
709 1662 905 1708 angore,

276 1725 409 1771 Dum
433 1724 647 1772 tenebris
673 1740 755 1771 cor
778 1724 1085 1771 obvolvatur.

340 1803 464 1849 Post
486 1802 787 1849 exstinctum
812 1800 1121 1859 Chibiabum,
1147 1801 1387 1865 Pygmaei

276 1880 338 1926 In
363 1880 516 1926 vitam
542 1879 821 1938 Quasindae
846 1879 1105 1940 conjurant
1124 1898 1137 1935 3

277 1957 372 2006 Cui
397 1963 595 2019 propter
620 1957 770 2004 vireis
795 1957 1104 2018 praevalidas

277 2035 514 2082 Invident
538 2032 775 2082 acerrima
797 2031 1003 2092 malitia,

279 2111 408 2171 Quia
432 2113 530 2174 ipsi
552 2113 721 2174 pusilli
747 2112 847 2159 sint
871 2118 1018 2174 atque
1044 2112 1268 2160 invalidi.

277 2190 414 2252 Ergo
439 2205 549 2237 cum
574 2190 757 2236 divulis
781 2191 1135 2237 amniculorum

276 2268 515 2315 Bellicam
542 2268 824 2315 societatem
850 2269 1037 2326 ineunt,

280 2345 560 2405 Quasiudae
583 2347 844 2393 molientes
869 2361 1041 2393 necem

277 2424 479 2470 Insidiis
505 2421 690 2485 suaque
714 2421 913 2471 astutia.

277 2501 351 2548 Ut
375 2500 426 2547 in
451 2498 626 2563 cymba
648 2501 807 2547 voluit
831 2498 1032 2549 betulea

278 2577 464 2624 Rivum.
488 2579 577 2624 sub
604 2579 705 2625 sole
731 2579 1041 2637 descendere,

280 2655 343 2701 In
366 2656 532 2716 rupeis
557 2658 681 2702 enisi
704 2657 879 2703 rubras

278 2731 411 2778 Loca
434 2733 718 2780 obumbrata
742 2738 1050 2796 occuparunt

285 2808 528 2856 Sublimes
554 2811 603 2856 in
629 2810 884 2859 frondibus
910 2812 1153 2870 arborum,

1637 2425 1650 2533 ..4„.k'.›..1;.o,::
1635 1904 1650 2420 Azhmfflmmfflmsmnm*ffl
1643 1826 1650 1895 „Air-
1643 1723 1650 1816 ,num—„u
1641 1683 1650 1702 :m
1648 1649 1650 1664 -
1642 1621 1650 1630 ς
1641 1577 1650 1608 42
1648 1537 1650 1539 .
1646 1517 1649 1522 .
1645 1500 1650 1504 ⁴
1647 1458 1650 1463 i
1649 1420 1650 1426 ⁴
1649 1403 1650 1407 „
