1650 3048
186 199 282 247 100

626 194 826 244 Return
850 195 917 259 of
935 194 1144 260 Sprinq.

315 344 458 393 Laeti
483 359 534 392 se
557 343 769 392 efferunt
791 343 1010 404 frutices,

315 422 467 470 Redit
489 436 632 468 anser
655 422 829 469 niveus
855 438 967 470 suos
990 422 1053 469 ad
1076 422 1230 481 laciis,

313 499 399 547 Ad
423 504 586 547 vastas
608 499 812 561 paludes
836 500 965 547 redit
987 500 1149 547 ardea.

315 577 546 624 Hirundo
570 591 622 624 se
646 577 843 625 domum
858 576 1124 639 jaculatur,

317 653 497 704 Cantat
519 656 752 717 cyaneola
775 661 825 703 et
847 655 1082 704 rubecula
1102 672 1115 702 ε

314 732 384 780 Et
407 734 449 781 si
471 730 570 796 qua
592 749 797 797 peregre
822 749 990 797 vagor,

318 810 562 861 Flosculis
584 813 772 860 undant
796 812 1032 859 immensa
1054 815 1322 873 pratorum,

317 887 588 938 Harmonia
612 895 839 952 strepunt
862 905 1062 938 nemora
1083 904 1139 937 ac
1165 889 1332 947 saltus,

320 964 601 1029 Spissisque
624 967 756 1015 foliis
780 967 978 1031 nigrant
1001 967 1245 1015 arbores.’'

381 1043 628 1092 Dixerant
649 1062 661 1092 ε
697 1050 748 1093 et
770 1049 915 1093 nocte
938 1042 1081 1092 finita

314 1119 367 1168 A
389 1121 674 1185 longinquis
697 1122 935 1169 Matutini
957 1122 1125 1185 regnis
1152 1113 1154 1115 μ

316 1199 400 1247 Ex
423 1198 659 1264 argentea
681 1200 800 1248 aede
822 1201 1074 1248 relucente

317 1277 575 1340 Tanquam
598 1279 869 1327 instructus
893 1278 1154 1341 pictusque
1177 1276 1384 1327 bellator

316 1354 589 1419 Egreditur
616 1355 701 1405 Sol
723 1362 976 1419 augustus,

315 1432 623 1493 Vociferans,
651 1436 681 1459 “
696 1434 777 1481 En
801 1449 894 1497 ego
918 1433 1091 1480 adsum
1107 1432 1157 1480 !''

317 1510 449 1557 Tum
471 1517 637 1558 mutus
661 1512 861 1559 deviinit
886 1526 1072 1567 senex3

320 1586 420 1636 Sed
442 1591 526 1637 aer
549 1604 748 1638 amoene
772 1589 988 1652 tepebat,

314 1664 384 1713 Et
408 1681 559 1715 suave
582 1667 635 1714 in
658 1667 858 1730 tugurio
881 1681 1076 1715 carmen

317 1742 617 1793 Cantillabat
639 1744 873 1809 cyaneola
894 1750 946 1793 et
968 1744 1218 1793 rubecula.

316 1820 437 1869 Rivi
461 1822 754 1884 augescebat
776 1837 997 1869 murmur
1018 1840 1032 1878 ς

314 1898 385 1946 Et
407 1899 588 1947 leniter
610 1915 700 1961 per
723 1899 938 1947 casulam
963 1898 1325 1947 diffundebatur

315 1976 595 2025 Herbarum
619 1978 738 2025 odor
759 1978 1080 2026 nascentium.

383 2053 525 2102 Tunc
547 2054 842 2114 adolescens,
869 2055 949 2103 cui
985 2053 1147 2104 Verno
1171 2068 1363 2112 nomen,

314 2129 473 2180 Plena
496 2133 586 2179 sub
610 2132 719 2179 luce
744 2132 963 2194 dispexit

318 2207 554 2268 Quisnam
577 2210 660 2258 ille
685 2225 839 2258 senex
862 2210 1084 2273 glacialis

314 2286 604 2344 Assideret3
637 2288 937 2350 agnovitque
961 2286 1276 2335 Brumalem.

317 2363 392 2411 At
415 2364 487 2411 illi
509 2366 569 2412 ab
594 2365 751 2412 oculis
774 2365 1020 2424 lacrimae,

318 2440 393 2489 Ut
416 2442 514 2488 rivi
538 2457 565 2489 e
587 2441 806 2502 lacubus,
830 2441 1201 2505 liquescebant3

321 2517 623 2582 Corpusque,
650 2522 800 2582 prout
826 2519 911 2569 Sol
934 2520 1155 2583 gestiens

325 2595 581 2660 Surgebat,
606 2598 983 2646 attenuabatur.

323 2672 579 2721 Tandem
566 2691 618 2721 1n
640 2691 754 2723 aera
777 2675 895 2723 vel
882 2692 934 2723 m
956 2675 1161 2723 humum
1186 2644 1423 2726 vanescit.

322 2750 483 2797 Mox
471 2767 576 2813 1pso
600 2753 652 2799 in
674 2753 792 2800 laris
815 2752 940 2812 foco,

324 2827 426 2877 Ubi
451 2830 614 2892 segnis
639 2829 912 2880 fumaverat
936 2831 1080 2896 ignis,
