1708 3106
430 206 645 241 CARMEN
679 203 1024 239 HIAWATHAE.

166 338 380 386 Pacifico
403 337 565 384 tubuli
588 336 729 399 signo

168 414 352 464 Omnes
375 414 426 461 in
448 429 602 461 unum
624 413 866 461 contracti

167 491 253 539 Ad
274 497 462 540 montes
485 506 767 553 camporum
787 490 1109 537 herbosorum

168 570 473 632 Russamque
494 569 776 616 tubulorum
797 567 1131 629 lapicidinam.

235 647 298 694 In
320 653 461 710 prato
484 647 749 695 constitere
771 645 1034 693 bellatores

172 724 299 774 Cum
322 725 435 773 telis
458 730 606 786 atque
628 728 805 785 paratu
827 722 1022 781 bellico,

169 802 304 850 Picti
327 807 561 864 tanquam
583 801 860 848 Auctumni
879 799 1011 858 folia,

170 880 327 929 Velut
349 880 538 928 caelum
560 879 859 926 matutinum
883 876 1124 936 distincti,

171 956 312 1005 Inter
335 973 387 1005 se
410 956 638 1005 ferociter
662 957 921 1003 obtuentes

173 1033 342 1083 Torva
364 1036 475 1083 luce
497 1050 563 1082 ex
587 1035 743 1082 oculis
767 1032 1052 1088 indomitis;

174 1111 371 1175 Quippe
395 1113 446 1159 in
470 1113 752 1175 pectoribus
776 1112 1052 1158 condebant
1075 1108 1362 1156 inimicitias

176 1188 341 1248 Diras,
367 1190 678 1253 longinquas,
704 1190 881 1248 avitas,

174 1267 571 1315 Haereditariam
593 1268 797 1314 ultionis
823 1266 975 1313 sitim.

244 1343 343 1393 Sed
365 1344 588 1392 Daemon
613 1359 884 1406 supremus,
910 1342 1136 1405 gentium
1158 1355 1352 1404 parens,

175 1420 303 1471 Cum
325 1419 665 1469 misericordia
688 1437 772 1469 eos
795 1421 1008 1482 aspexit,

175 1499 303 1548 Cum
326 1500 480 1561 patris
505 1497 678 1547 tenera
701 1499 912 1546 caritate
932 1517 946 1554 ς

177 1577 253 1626 Ut
275 1577 362 1639 qui
387 1577 485 1623 iras
509 1577 688 1623 horum
711 1592 769 1624 ac
793 1577 934 1623 rixas

174 1655 275 1702 Pro
298 1669 563 1716 puerorum
579 1653 763 1716 jurgiis
787 1653 1081 1701 aestimabat

179 1731 586 1781 Succensentium
603 1737 654 1778 et
678 1732 890 1778 inaniter
914 1730 1261 1793 pugnantium.

177 1811 368 1871 Itaque,
395 1807 574 1857 dextra
597 1810 808 1871 desuper
833 1809 1113 1868 imminens,

178 1884 374 1937 Umbra
396 1886 618 1948 ejusdem
642 1887 903 1949 subigebat

177 1963 492 2013 Obstinatam
517 1964 702 2010 irarum
725 1964 1072 2025 pervicaciam,

181 2041 555 2091 Febriculosam
579 2042 836 2104 sanguinis
862 2042 995 2088 sitim
1017 2061 1031 2098 ;

181 2120 251 2167 Et
274 2116 487 2182 augusta
508 2115 842 2181 maxumaque
866 2134 987 2166 voce

182 2197 352 2245 Instar
376 2195 568 2243 sonitus
591 2196 979 2259 longinquorum
1002 2196 1263 2243 fluminum

179 2275 242 2323 In
266 2274 536 2337 profundos
560 2275 786 2338 gurgites
809 2274 1256 2336 praecipitantium,

184 2351 348 2402 Gravi
370 2353 563 2399 monitu
588 2353 659 2399 sic
684 2368 767 2399 eos
792 2352 1109 2414 increpabat:

253 2432 285 2455 ‘⁶
301 2429 347 2479 O
372 2430 463 2477 filii
486 2431 584 2477 mei
601 2430 888 2489 miserandi,

185 2507 485 2556 Auscultate
509 2523 656 2555 voces
681 2508 971 2569 sapientiae.

184 2585 396 2635 Obedite
420 2587 630 2633 orationi
652 2586 944 2633 monitoriae

186 2664 230 2711 E
255 2663 404 2711 labris
429 2665 605 2710 summi
628 2663 896 2711 Daemonis

186 2741 456 2803 Vestrique
480 2742 709 2799 auctoris,
735 2740 940 2788 Domini
958 2740 1106 2788 vitae.

211 2882 218 2890 ·
259 2817 461 2882 “Agros
485 2834 577 2882 ego
606 2819 749 2867 vobis
773 2818 1031 2868 venaticos
1055 2817 1185 2878 dedi,
