1650 3048
158 176 223 221 60

498 169 673 219 Battle
696 168 813 217 with
838 167 918 215 tke
942 166 1225 229 Maqician.

293 317 467 380 Niger,
492 320 693 377 aspectu
716 312 1001 371 horrendus,

295 395 452 442 Totus
475 393 659 439 murice
683 391 923 449 obtectus,

294 467 594 533 Margaritea
617 468 810 531 fulgens
837 463 1012 528 penna,

294 548 364 596 Et
387 547 498 595 telis
523 547 793 593 instructus
816 544 1008 591 bellicis
1029 561 1044 599 ς

295 625 469 672 Pictus
494 623 698 671 diluculi
723 623 892 679 instar,

296 702 538 764 Virgatus
561 706 708 758 ostro,
735 699 942 755 caerulo,
969 713 1125 757 croco,

295 779 590 841 Aquilarum
613 779 842 825 cristatus
866 776 1044 839 pinnis,

299 855 437 915 Quae
461 871 654 902 sursum
677 860 958 902 extrorsum
982 852 1278 915 prominent.

365 933 495 980 Tum
517 933 785 979 maximum
809 931 984 993 incipit
1008 931 1249 993 proelium

299 1010 546 1069 Omnium,
572 1014 813 1071 quotquot
840 1009 925 1057 Sol
948 1008 1148 1069 aspexit

296 1088 394 1136 Vel
417 1088 557 1134 alites
580 1087 745 1134 bellici
769 1086 960 1147 opperti
984 1090 1113 1143 sunt,

299 1165 482 1213 Totum
506 1180 593 1226 per
615 1165 856 1211 aestivum
881 1163 1026 1211 diem.

299 1243 524 1290 Loricam
547 1256 754 1302 namque
778 1241 910 1303 magi
933 1240 1200 1286 muriceam

301 1320 409 1367 Nec
433 1319 532 1367 tela
554 1334 645 1366 nec
669 1324 861 1365 caestus
887 1333 978 1365 nec
1002 1317 1142 1364 clava

302 1397 790 1459 Valuit--Qerberibus
816 1396 1107 1443 convincere
1129 1410 1141 1440 :

237 1491 243 1494 ·
277 1478 281 1481 ’
302 1461 816 1522 DonecHiawatham
840 1472 1049 1519 fractum
1072 1471 1225 1518 animi

302 1553 454 1600 Picus
477 1567 542 1599 ex
565 1552 737 1598 arbore
761 1551 1000 1608 monebat,

306 1630 383 1678 Ut
407 1645 605 1691 magum
629 1629 681 1675 in
706 1644 891 1675 summo
916 1628 1077 1689 capite

305 1708 445 1758 Inter
468 1708 621 1754 cirros
647 1703 830 1769 sagitta
853 1705 1048 1762 feriret3

306 1785 385 1832 Ibi
410 1790 600 1832 tantum
623 1788 789 1846 patere
813 1784 1022 1832 vulneri.

307 1862 433 1910 Tres
459 1862 666 1924 sagittae
691 1861 984 1909 Hiawathae
1007 1861 1258 1909 restabant
1282 1878 1294 1909 :

307 1940 414 1987 Has
437 1940 631 1998 retinet,
657 1940 1072 2001 opportunitatem
1096 1944 1408 2001 exspectans,

308 2018 545 2075 Tandem,
570 2017 686 2064 dum
708 2017 865 2063 hostis
890 2032 941 2064 sc
966 2018 1200 2077 demittit,

311 2093 500 2143 Saxum
523 2110 718 2142 enorme
735 2093 977 2155 jacturus,

308 2172 573 2234 Ipsumque
597 2172 751 2219 nudat
775 2173 985 2233 occiput,

308 2249 594 2296 Percutitur
617 2266 646 2295 a
669 2250 856 2296 victore
882 2246 1166 2297 Hiawathz'i.

308 2326 521 2388 Jamque
545 2326 670 2373 nihil
693 2342 773 2373 ars
798 2327 990 2389 magica
1012 2327 1157 2385 valet,

309 2402 418 2450 Nec
441 2403 761 2466 margariteae
787 2403 1015 2465 splendor
1039 2420 1227 2465 pennae
1250 2423 1262 2460 ;

315 2479 413 2528 Sed
437 2482 607 2543 igneos
631 2481 812 2528 Mort1s
837 2481 1003 2529 oculos

314 2556 413 2604 Per
437 2558 651 2605 tenebris
676 2559 872 2606 obviam
896 2560 1165 2621 cognoscit,

313 2632 558 2696 Caditque
582 2651 745 2682 coram
769 2636 1015 2695 inanimis,

316 2711 390 2760 Ut
414 2712 465 2758 in
489 2727 658 2774 campo
683 2714 960 2775 procumbit
982 2714 1238 2767 bonassuS.¹

385 2788 514 2835 Tum
536 2790 711 2838 Picum
732 2798 903 2853 gratus
928 2791 1208 2852 Hiawatha,
