1650 3048
210 195 277 246 54‘
511 196 616 245 The
645 193 813 242 Shark
835 192 942 240 and
963 191 1043 239 the
1073 189 1172 238 Sea
1204 188 1373 237 Gulls.

338 343 399 391 In
423 343 579 405 ripam
603 339 782 388 sensim
806 337 1067 385 devehitur

338 419 463 469 Cum
486 419 660 482 cymba
681 423 731 465 et
753 431 864 464 cum
887 411 1168 462 Hiawatha.

403 497 532 544 Tum
554 500 723 558 gratus
746 494 895 540 animi
919 492 1163 540 exclamat
1186 487 1453 537 Hiawatha
1473 505 1487 533 t

338 576 367 599 “
395 573 566 623 Sciure
587 572 599 619 Ξ
634 572 787 619 amice
810 571 876 616 mi
901 584 1052 631 parve
1074 568 1087 616 l

336 650 547 713 Operam
569 647 764 697 navasti
787 648 1119 705 fortissimam,

334 726 533 776 Grateis
556 739 827 787 nomenque
849 725 1069 772 meritus.

335 804 471 867 Ergo
493 804 673 851 exinde
691 809 740 850 te
758 801 1055 864 sempiterno

333 881 485 928 Pueri
499 881 882 944 pandicaudam
906 878 1239 927 vocitabunt.”

398 957 513 1005 Jam
538 957 774 1019 squalus
761 973 813 1003 m
836 958 993 1018 ripam
1019 956 1178 1002 illisus

332 1034 636 1096 Lapillorum
659 1034 756 1081 ciet
780 1034 1055 1092 stridorem,

331 1112 500 1173 Atque
523 1110 773 1172 extemplo
797 1110 1065 1157 Hiawatha
1098 1108 1286 1156 exsilit.

332 1188 431 1235 Hic
455 1188 570 1234 dum
594 1188 655 1234 ad
677 1187 951 1235 Nocomida
973 1187 1116 1245 redit,

329 1265 551 1311 Plurima
571 1265 825 1327 gaviarum
849 1265 1004 1310 nubes

330 1343 599 1391 Descendit
622 1343 673 1389 in
698 1343 854 1404 squali
879 1343 1104 1389 cadaver.

328 1421 504 1483 Neque
528 1420 611 1468 isse
634 1421 861 1467 deturbat
883 1420 1067 1482 gavias,

331 1497 590 1545 Volucreis
614 1498 892 1544 hominibus
915 1497 1112 1554 amicas,

336 1575 431 1622 Sed
455 1574 718 1623 Nocomidi
741 1576 983 1637 benignus
1007 1578 1079 1620 ait
1100 1591 1116 1620 ε

333 1655 361 1677 “
386 1653 577 1700 Harum
600 1654 873 1701 satietatem
895 1654 1135 1715 opperire,

331 1730 419 1788 Ut,
445 1731 699 1777 ventribus
723 1731 976 1792 epularum
1001 1731 1178 1792 plenis,

330 1807 414 1854 Ad
437 1808 729 1869 palustrium
752 1808 980 1854 nidorum
1002 1808 1239 1855 Penateis

332 1883 458 1933 Cum
482 1885 581 1932 sole
605 1886 807 1932 occiduo
831 1886 1044 1933 avolent.

333 1961 488 2020 Tunc,
514 1962 754 2024 quidquid
778 1962 983 2009 ollarum
1006 1963 1156 2010 habes
1180 1968 1266 2010 aut
1288 1962 1584 2022 alienorum,

328 2038 510 2097 Allato,
537 2040 588 2085 in
611 2055 753 2085 usum
775 2039 976 2087 brumae

332 2114 596 2163 Sebaceum
619 2117 760 2163 nobis
784 2132 985 2179 unguen
1009 2118 1348 2181 concoquito.''

393 2191 487 2239 Illa
511 2193 626 2239 solis
650 2209 873 2241 occasum
898 2202 1170 2257 exspectat,

330 2268 501 2327 Quoad
525 2271 595 2317 sol
618 2270 795 2318 Noctis
819 2272 1033 2333 pallidus

329 2346 552 2407 Aequori
576 2348 692 2395 luna
715 2350 983 2410 tranquillo

330 2423 555 2483 Instaret‚
581 2432 632 2473 et
655 2432 842 2474 saturos
866 2429 1041 2490 gaviae

328 2500 409 2547 Ex
433 2503 575 2563 epulo
600 2505 916 2566 strepitantes
941 2514 1217 2569 surgerent.

329 2577 437 2624 Hae
461 2594 548 2639 per
572 2579 730 2642 igneis
755 2583 878 2630 caeli
903 2585 1133 2633 occiduos

329 2653 519 2702 Insulas
543 2657 633 2704 alis
657 2658 950 2721 longinquas

326 2730 638 2795 Junceosque
664 2737 805 2783 nidos
829 2739 1082 2799 petebant.

329 2808 472 2868 Tum,
499 2811 765 2862 dormiente
789 2816 935 2863 etiam
959 2816 1241 2879 Hiawathzi,
