1650 3048
448 183 665 219 GARMEN
699 183 1049 219 HIAWATHAE.

182 304 310 355 Cum
335 304 547 367 suspirio
572 305 704 351 dixit
727 306 935 366 patiens,

183 385 211 407 “
230 383 367 446 Ergo
391 382 558 445 capias
583 388 639 429 tu
663 382 844 444 pallam
866 384 1071 431 meam.’'

248 461 379 507 Tum
402 460 563 508 cultro
586 460 864 521 amputavit
888 461 1122 508 corticem

179 537 369 585 Infimis
394 538 485 585 sub
510 538 658 585 ramis
684 553 847 599 supra,

184 614 398 663 Summis
425 630 573 677 super
596 616 847 663 radicibus
871 614 1015 673 infra,

179 693 351 740 Donec
375 693 642 740 exsudaret
666 708 856 740 succus.

179 771 305 817 Mox
329 776 560 818 truncum
585 770 797 831 desuper
820 770 883 817 ad
907 770 1060 816 imum

181 848 437 895 Dissecuit
461 848 608 909 plane
633 847 880 906 corticem,

180 924 353 985 Quam,
379 926 545 988 ligneo
571 926 875 972 sublevatam
899 940 1067 983 cuneo,

183 1003 441 1066 Integram
463 1008 640 1050 trunco
665 1004 902 1050 detraxit.

251 1079 330 1144 (2)
404 1081 733 1139 “Ramorum,
762 1079 949 1128 Cedre!
988 1086 1185 1128 tuorum
1209 1082 1394 1144 aliquot

179 1157 470 1204 Validorum
493 1158 555 1204 da
577 1159 714 1216 mihi,
740 1173 795 1205 ac
819 1157 1075 1217 flexilium,

181 1234 280 1294 Qui
304 1236 529 1298 cymbam
553 1236 676 1283 mihi
702 1236 1064 1294 constabiliant,

180 1312 486 1374 Addantque
511 1313 642 1360 infra
664 1314 994 1360 firmitatem.''

248 1389 467 1438 Cedrum
491 1391 797 1452 pertentavit
823 1406 1061 1437 summam

180 1467 374 1514 Horror
397 1473 544 1528 atque
570 1466 759 1528 ejulans
783 1467 998 1529 querela,

183 1544 338 1604 Quasi
363 1545 721 1592 contumaciam
744 1546 1042 1592 mussitans:

182 1622 370 1669 Tamen
395 1621 587 1668 deflexa
611 1622 901 1679 susurravit,

184 1702 212 1723 “
231 1699 411 1746 Ramos
435 1715 583 1758 meos,
611 1700 652 1746 si
678 1700 769 1759 vis,
801 1700 1012 1762 capias.''

247 1777 285 1824 J
287 1793 365 1823 am
390 1778 617 1824 cedrinos
641 1793 803 1824 ramos
830 1778 1043 1825 succidit

185 1854 356 1916 Atque
382 1855 434 1900 in
462 1855 805 1917 compaginem
828 1853 1099 1903 fabricatur

185 1932 352 1979 Instar
376 1932 570 1993 parium
594 1932 978 1993 compositorum
1000 1948 1220 1981 arcuum.

254 2007 333 2073 (3)
404 2009 449 2056 Ε
475 2010 714 2056 contortis
740 2009 841 2056 tuis
866 2010 1132 2069 radicibus,

187 2087 231 2136 O
256 2086 444 2134 Larix!
483 2087 546 2133 da
568 2087 692 2132 mihi
718 2076 921 2148 aliquot,

188 2164 326 2224 Quae
351 2164 553 2227 cymbae
577 2164 702 2211 bene
727 2164 964 2227 colligent

188 2242 331 2302 Oras,
357 2257 419 2289 ne
443 2242 715 2301 madefiam,

187 2321 504 2382 Irrumpente
528 2317 662 2367 unda
685 2320 845 2367 fluvii.

251 2398 383 2444 Tum
408 2403 610 2445 cunctas
635 2413 723 2459 per
748 2397 912 2444 fibras
937 2397 1066 2444 larix

185 2473 331 2522 Aura
353 2471 598 2521 matutina
622 2475 980 2533 inhorrescens,

189 2552 348 2601 Cirris
374 2552 476 2599 suis
501 2551 665 2599 fronte
690 2552 798 2614 ejus
823 2549 956 2600 tacta

187 2629 416 2692 Longum
440 2630 711 2692 suspiravit
733 2644 957 2676 moerens
976 2647 988 2676 :

189 2709 220 2731 ‘⁶
239 2707 376 2769 Ergo
400 2714 617 2766 cunctas,
647 2707 928 2766 Hiawatha,
955 2708 1167 2770 capias.''

256 2785 350 2832 Ille
373 2786 589 2833 tenaceis
614 2785 781 2832 laricis
807 2784 969 2832 fibras

1396 172 1461 220 47
