1650 3048
484 156 699 192 CARMEN
736 157 1080 191 HIAWATHAE.

215 284 352 332 Inter
374 283 515 346 pinos
539 284 850 332 densissimas
874 285 1107 343 illabitur,

217 360 391 421 Quoad
414 361 619 408 anhelus
643 363 872 424 pervcnit

214 438 401 486 Lacum
426 438 601 486 insulis
627 439 908 496 differtum3

216 516 336 575 Ubi,
363 515 481 574 folia
504 532 593 578 per
621 517 817 564 liliacea

212 593 411 655 Perque
434 594 589 641 cirros
607 593 877 655 juncorum
902 593 1160 656 implexos,

211 672 349 719 Inter
372 672 666 719 arundineta
689 672 965 718 insularum

217 746 282 797 Se
305 740 613 811 remigabant
635 763 833 795 anseres
857 747 1008 795 nivei.

212 818 335 872 Illas*
356 826 409 872 in
432 826 588 872 undas
613 825 968 888 praecipitatus

212 903 422 951 Natavit
445 904 695 950 Ventosus
721 903 772 949 in
798 903 1019 959 insulam,

213 980 549 1042 Obsecratque
573 996 768 1027 anseres
793 980 980 1036 niveos,

213 1059 287 1107 Ut
311 1060 417 1120 ipse
441 1059 525 1104 fiat
550 1059 673 1105 civis
699 1058 965 1115 anserinus,

213 1136 329 1183 Alis
354 1135 638 1183 enormibus
656 1135 928 1197 nigricans,

211 1213 421 1260 Pectore
444 1212 604 1259 mollis
628 1212 905 1270 rotundato,

213 1290 474 1338 Rostratus
498 1295 729 1350 tanquam
753 1288 947 1350 duplice
971 1288 1230 1346 cochleari,

210 1368 542 1428 Plumosoque
567 1366 694 1413 collo
717 1366 960 1413 relucens.

212 1444 594 1506 Respondebant
611 1443 736 1490 :—si
760 1443 911 1490 vellet
934 1444 1158 1505 equitare

210 1522 273 1569 In
292 1522 437 1569 dorso
462 1521 616 1584 Rregis
640 1520 871 1579 anserini,

208 1600 270 1647 Id
295 1599 368 1647 illi
393 1615 444 1647 se
468 1599 679 1646 libenter
702 1598 989 1660 permittere
1007 1616 1021 1654 3

209 1678 355 1725 Nihil
378 1677 588 1739 amplius
615 1692 752 1723 suam
776 1691 883 1723 esse
908 1679 1218 1737 potestatem.

212 1755 342 1802 Tum
366 1755 523 1801 multo
549 1754 758 1801 clamore
785 1754 1065 1811 stridentes,

215 1832 343 1882 Cum
370 1831 669 1880 creberrimo
693 1846 967 1892 pennarum
991 1830 1201 1891 strepitu

208 1911 292 1958 Ex
316 1909 619 1957 arundinetis
644 1909 816 1966 coorti,

209 1987 532 2048 Dereliquere
557 2001 700 2032 suum
725 1984 1025 2046 supplicem:

211 2064 325 2126 Qui,
351 2079 534 2128 gnarus
559 2063 824 2110 adventare
849 2061 1178 2119 Hiawatham‚

208 2144 350 2191 Inter
373 2141 557 2189 insulas
581 2141 773 2188 occulte
796 2146 983 2198 natans,

210 2221 431 2269 Tandem
453 2234 624 2266 rursus
648 2219 710 2266 ad
733 2218 879 2264 littus
905 2215 1126 2279 pertigit.

274 2298 426 2346 Illum
449 2296 715 2344 Hiawatha
738 2294 1050 2356 conspicatur

209 2376 270 2424 In
293 2376 425 2423 nube
449 2374 669 2437 pulveris
693 2368 939 2420 verticosa

207 2454 348 2516 Ipsas
373 2458 570 2515 praeter
593 2466 767 2498 arenas
793 2455 1182 2511 procurrentem.

213 2530 312 2579 Sed
334 2530 559 2593 quamvis
585 2528 825 2576 velocitur
850 2527 1148 2587 insequatur,

206 2610 283 2657 At
305 2609 472 2657 Pictas
497 2607 684 2669 Rupeis
709 2618 1013 2661 cavernosas,

208 2686 371 2735 Lacus
393 2686 620 2746 rurisque
644 2684 789 2745 longe
813 2681 1037 2738 arbitras,

211 2765 400 2813 Tamen
423 2768 631 2824 occupat
655 2760 877 2822 trepidus
900 2757 1138 2821 perfuga:

209 2843 313 2892 Ubi
336 2858 365 2890 a
389 2846 585 2889 vetusto
608 2838 847 2886 montium
869 2837 1133 2894 Daemone,

1434 144 1495 192 87
