1650 3048
436 182 465 216 C
472 181 652 215 ARMEN
688 181 783 214 HIA
791 181 1037 215 WATHAE.

171 313 278 372 Ille,
306 312 382 358 sui
406 313 663 373 impotens,
691 311 902 359 fanatico

167 390 422 451 Abreptus
446 390 659 437 venandi
684 390 887 452 impetu,

167 467 453 529 Insequitur
477 482 565 528 per
590 473 810 526 ventum,
836 482 923 528 per
950 466 1193 524 nebulam,

168 544 229 591 In
251 543 409 606 glacie
432 544 605 590 subtus
629 541 832 605 perfida.

171 621 270 670 Sed
293 620 422 668 infra
447 621 707 668 daemones
730 621 848 668 mali

168 698 570 761 Opperiebantur
595 699 898 756 insidiantes,

168 776 237 822 Et
260 775 418 839 glacie
443 776 649 837 pedibus
675 773 908 823 suffracta

165 851 359 914 Corpus
389 852 603 900 infelicis
627 853 899 900 hauserunt

164 928 274 978 Ima
298 930 349 976 in
373 928 523 977 arena
548 930 802 977 conditum
822 948 833 977 :

170 1007 252 1057 Sic
277 1009 416 1054 illum
440 1009 492 1054 in
516 1008 651 1055 lacus
676 1009 878 1070 gurgite

167 1085 350 1133 Obruit
373 1085 638 1147 Neptunus
668 1086 978 1134 Dacotensis.

234 1163 310 1210 At
334 1179 360 1210 e
384 1163 717 1225 promontorio
743 1163 1014 1210 Hiawatha

166 1241 354 1288 Vocem
378 1247 479 1287 tam
503 1242 697 1301 plenam
720 1256 902 1303 angore

168 1317 391 1379 Tamque
416 1318 689 1364 terribilem
712 1317 948 1379 profudit,

168 1395 243 1442 Ut
265 1395 500 1441 bonassus
524 1409 693 1442 aurem
715 1395 1007 1454 admoverit,

165 1471 241 1519 Ut
264 1471 369 1533 lupi
394 1487 421 1519 e
444 1472 598 1533 pratis
624 1472 937 1531 ululaverint,

164 1549 232 1596 Et
255 1550 552 1612 longinquus
577 1550 821 1612 evigilans
844 1552 1059 1598 tonitrus

163 1625 414 1675 Luctuosa
438 1643 558 1675 voce
582 1628 909 1689 responderit.

166 1707 297 1754 Tum
324 1722 405 1754 ore
430 1713 604 1766 atrato,
631 1707 866 1754 obvoluto
889 1710 1065 1769 capite,

163 1784 226 1831 In
251 1785 450 1846 tugurio
473 1785 535 1831 ad
561 1785 824 1846 septimum
848 1786 1122 1832 nundinum

166 1860 467 1909 Considebat
492 1877 684 1923 semper
707 1862 998 1909 lamentans:

174 1941 202 1963 ‘⁶
222 1939 451 1986 Decessit
473 1939 772 1986 musicorum
797 1940 1128 1999 suavissimus,

164 2016 216 2062 A
240 2017 381 2063 nobis
405 2016 659 2064 aeternum
683 2018 936 2064 discessit:

169 2093 267 2142 Sed
291 2094 352 2140 ad
378 2110 619 2140 summum
641 2093 923 2142 harmoniae
946 2095 1236 2157 magistrum

165 2171 381 2233 Propius
407 2173 604 2219 tandem
627 2172 878 2234 aliquanto

164 2250 406 2311 Migravit
429 2265 566 2297 meus
592 2249 745 2297 frater
771 2249 1088 2298 Chibiabus.''

229 2327 394 2389 Igitur
418 2328 523 2389 pini
546 2343 574 2374 e
599 2328 748 2374 viridi
772 2328 1074 2390 nigricantes

167 2405 380 2451 Tetricis
405 2405 766 2468 plangebantur
789 2406 1011 2465 flabellis,

161 2482 420 2544 Purpurea
441 2490 683 2531 motantcs
708 2489 1013 2542 nucamenta,

166 2558 426 2607 Communi
448 2559 656 2608 tristitia
678 2561 861 2619 tristes,

168 2636 443 2696 Querentes
468 2638 693 2685 tenerum
717 2654 773 2685 ac
796 2639 1040 2686 flebiliter.

232 2714 364 2762 Vere
388 2716 695 2774 adveniente,
724 2716 849 2762 silva
872 2717 1102 2764 universa

168 2791 463 2841 Chibiabum
487 2794 760 2856 anquisivit
782 2794 1125 2856 nequidquam.

721 2886 756 2919 G

1384 169 1441 214 81
