1650 3048
469 170 687 206 CARMEN
727 164 1075 201 HIAWATHAE.

336 302 400 349 In
419 301 675 351 Orientem
700 304 1012 357 trameantes,

333 379 503 443 Agros
527 379 777 440 saltusque
800 376 1201 438 interstinguant.

342 457 429 506 Sol
451 458 651 504 tandem
676 455 811 503 coelo
836 453 1023 501 decidit

340 534 627 583 Occidentis
650 532 885 580 fluctibus
910 532 1155 589 innatans,

341 612 485 661 Sicut
507 612 712 658 rubrum
733 608 982 656 Autumni
1006 607 1180 654 folium

338 690 615 738 Deciduum
638 688 779 750 aquis
799 687 970 733 insidit

339 766 641 828 Gremioque
664 764 891 826 aequoris
916 762 1157 810 sorbetur.

404 844 576 906 Atque
600 841 744 890 ecce!
805 840 1090 887 adolescens
1116 840 1308 887 Zeanus

339 922 469 972 Cum
492 921 629 968 molli
653 920 790 967 crine
813 918 1081 976 relucente,

340 1000 468 1049 Cum
491 999 640 1045 viridi
654 1013 712 1045 ac
731 1011 903 1044 croceo
928 996 1114 1041 vestitu

339 1079 409 1126 Et
433 1092 637 1140 procero
661 1075 920 1122 cristarum
944 1073 1217 1134 splendore,

346 1155 495 1205 Stans
520 1155 572 1201 in
596 1154 737 1212 ostio,
757 1152 933 1199 annuit
955 1166 1120 1198 manu.

344 1233 503 1291 Tunc,
529 1237 586 1278 ut
603 1231 689 1292 qui
715 1230 962 1277 dormiens
986 1228 1219 1287 ambulat,

299 1352 301 1356 Α
340 1310 568 1357 Marcore
593 1308 823 1370 pallidus,
852 1306 939 1353 sed
963 1306 1260 1368 intrepidus,

340 1388 385 1435 E
410 1383 578 1435 casula
601 1386 728 1433 exiit
752 1384 1035 1443 Hiawatha,

337 1464 467 1514 Cum
491 1465 655 1511 Zeano
678 1463 971 1509 luctaturus.

409 1543 535 1590 Mox
558 1557 677 1588 rura
699 1545 925 1587 rotantur
948 1539 1213 1602 vertigine,

337 1620 599 1669 Permjstis
624 1618 760 1666 coelo
785 1633 841 1665 ac
866 1617 1008 1663 silvis
1029 1636 1042 1673 3

343 1699 413 1747 Et
435 1698 553 1745 forti
576 1699 628 1744 in
652 1703 851 1759 pectore
876 1695 1123 1742 subsultat

344 1776 444 1825 Cor
468 1776 557 1835 illi,
582 1781 640 1822 ut
662 1775 917 1836 acipenser
935 1774 987 1820 vi
1010 1770 1169 1821 multa

347 1854 495 1901 Retia
511 1860 749 1915 rupturus
774 1851 987 1913 prosilit.

348 1932 607 1993 Tanquam
629 1929 839 1976 annulus
863 1929 995 1991 ignis
1019 1928 1174 1987 rutili,

347 2008 550 2058 Circum
572 2007 847 2070 flagrabant
865 2006 1034 2052 infima
1051 2006 1176 2053 coeli
1195 2025 1207 2062 ;

347 2086 504 2146 Quasi
527 2090 725 2133 centum
748 2098 847 2130 uno
871 2083 924 2129 in
942 2084 1060 2130 orbe
1086 2083 1213 2131 soles

349 2164 501 2212 Illum
524 2163 763 2210 luctatum
791 2166 1161 2209 contuerentur.

419 2240 494 2289 At
516 2246 721 2303 repente
740 2239 874 2286 solus
899 2238 1173 2285 Hiawatha

350 2320 516 2368 Viridi
539 2319 592 2365 in
614 2315 770 2365 herba
787 2321 917 2363 astat
940 2316 1160 2375 relictus,

353 2397 637 2447 Certamine
661 2395 897 2442 anhelans
921 2393 1105 2441 effreno
1128 2411 1142 2449 ς

350 2474 630 2536 Coramque
655 2472 913 2520 exanimus
931 2471 1068 2533 jacet

351 2553 520 2601 Passis
543 2551 764 2599 crinibus
788 2549 1090 2606 adolescens,

355 2627 524 2680 Crista
547 2628 832 2688 vestituque
856 2625 1079 2683 discisso,

356 2708 587 2762 Mortuus
613 2706 702 2752 sub
728 2703 829 2750 sole
853 2702 1115 2750 occidenti.

355 2785 568 2845 Deinde,
594 2788 652 2831 ut
668 2781 888 2845 jusserat
912 2780 1122 2839 Zeanus,

1416 150 1480 196 39
