1650 3048
423 183 640 224 &mmm
672 185 1019 225 HIAWATHAE.

156 323 316 387 Virgo
338 321 457 372 luna
480 324 750 384 candidior,

155 402 456 466 Agminibus
481 402 732 450 stellarum
757 402 1072 464 splendidior.

218 481 364 529 Hanc
388 481 581 542 saepius
604 480 895 527 admonebat
916 480 1151 528 Nocomis

152 557 305 606 Jusso
336 559 655 620 pertinaciter
678 558 885 605 iteratot

155 637 184 659 ‘⁶
201 634 386 684 Caveto
409 641 464 682 tu
488 651 517 682 a
539 635 817 697 Magicei03

151 711 202 758 A
226 712 447 760 Favonio
471 718 520 760 te
543 712 806 759 abstinete.

151 790 293 837 Illius
316 802 379 838 ne
401 790 678 837 auscultato
699 789 903 836 vocibus
926 807 937 836 :

149 866 212 913 In
235 874 372 929 prato
396 873 445 915 te
469 882 531 915 ne
554 866 799 929 projicito‚

149 944 293 993 Neve
318 945 446 993 inter
470 944 575 992 lilia
596 950 647 992 te
671 944 935 1002 deflectito,

151 1022 231 1070 Ne
256 1023 510 1070 Favonius
534 1023 799 1070 adveniens
825 1020 917 1069 tibi
941 1024 1158 1071 noceat.''

211 1100 388 1162 Neque
413 1100 498 1147 illa
519 1101 611 1147 hoc
634 1101 873 1147 monitum
896 1100 1152 1163 religebat,

148 1175 245 1225 Sed
268 1178 492 1241 neglexit
514 1179 647 1225 dicta
670 1178 951 1239 sapientiae.

146 1254 270 1301 Mox
296 1257 491 1317 vesperi
515 1256 715 1302 advenit
737 1253 1001 1314 Favonius,

143 1331 269 1379 Levi
292 1342 465 1395 gressu
488 1345 574 1393 per
597 1338 738 1394 prata
764 1332 1014 1380 incedens.

145 1408 300 1456 Foliis
324 1424 381 1457 ac
402 1409 605 1456 fioribus
629 1410 914 1457 susurrabat

144 1487 546 1550 Deflectebatque
569 1488 744 1536 herbas
767 1503 826 1535 ac
849 1487 1055 1536 frutices
1076 1505 1089 1536 ε

143 1566 276 1614 Dein
299 1565 493 1614 invenit
514 1566 859 1628 pulcerrimam
880 1566 1235 1630 Primigeniam

143 1644 256 1692 Illic
280 1645 410 1692 inter
433 1644 539 1691 lilia
553 1643 819 1705 jacentem.

145 1722 290 1770 Hanc
314 1722 447 1770 dulci
469 1722 716 1769 ambiebat
737 1721 955 1783 alloquio

142 1799 209 1846 Et
226 1799 416 1847 allicuit
439 1801 501 1847 ad
523 1800 727 1846 blandos
750 1799 1022 1861 amplexus,

141 1877 312 1925 Donec
335 1878 483 1925 anxio
506 1883 652 1939 partu
674 1877 832 1923 filium
856 1877 1025 1936 edidit,

137 1955 340 2002 Amoris
364 1955 649 2018 progeniem
672 1954 900 2003 luctuosi.

143 2032 225 2082 Sic
248 2039 391 2080 natus
414 2038 489 2080 est
513 2032 779 2079 Hiawatha
800 2047 954 2092 meus,

136 2111 344 2158 Favonii
367 2116 419 2159 et
441 2109 773 2172 Primigeniae
794 2110 921 2156 mira
941 2109 1150 2159 suboles,

141 2187 239 2237 Sed
261 2201 292 2235 a
314 2188 486 2236 fallace
510 2188 732 2235 Favonio
755 2186 1003 2246 destituta,

135 2264 425 2313 Nocomidis
448 2265 564 2323 filia,
589 2265 718 2311 alma
739 2264 1058 2327 Primigenia,

138 2342 342 2391 Crudeli
367 2342 626 2390 succubuit
648 2341 812 2388 morti.

200 2420 304 2468 Diu
326 2436 384 2468 ac
407 2421 721 2468 vehementer
743 2418 978 2466 Nocomis

135 2497 314 2545 Filiam
339 2503 557 2560 ereptam
580 2502 768 2544 moesta
789 2497 1015 2545 deflebat.

139 2578 169 2600 ‘⁶
184 2574 229 2624 O
253 2576 440 2622 utinam
463 2574 617 2622 forem
638 2579 832 2621 mortua
852 2573 863 2620 1
881 2574 907 2595 ”
930 2576 1156 2624 mussitat
1179 2593 1191 2623 ε

136 2655 166 2678 “
182 2653 326 2701 Tunc
350 2653 420 2700 ibi
442 2651 601 2701 forem
626 2668 719 2715 ego
742 2657 921 2712 tecum,

131 2730 235 2779 Ubi
257 2730 329 2777 nil
352 2735 428 2778 est
450 2732 625 2793 operiS,
650 2730 721 2776 nil
742 2729 1056 2779 lacrimarum
1076 2749 1090 2780 ε

131 2807 331 2856 Mortua
352 2808 541 2857 utinam
566 2806 787 2856 forem1”

1364 177 1426 223 21
