<?xml version="1.0" encoding="UTF-8"?>
<!DOCTYPE html PUBLIC "-//W3C//DTD XHTML 1.0 Transitional//EN"
    "http://www.w3.org/TR/xhtml1/DTD/xhtml1-transitional.dtd">
<html xmlns="http://www.w3.org/1999/xhtml" xml:lang="en" lang="en">
 <head>
  <title>
</title>
<meta http-equiv="Content-Type" content="text/html;charset=utf-8" />
  <meta name='ocr-system' content='tesseract 3.04.00' />
  <meta name='ocr-capabilities' content='ocr_page ocr_carea ocr_par ocr_line ocrx_word'/>
</head>
<body>
  <div class='ocr_page' id='page_1' title='image "./hiawatha00longrich_0090.png"; bbox 0 0 1650 3048; ppageno 0'>
   <div class='ocr_carea' id='block_1_1' title="bbox 173 189 237 234">
    <p class='ocr_par' dir='ltr' id='par_1_1' title="bbox 173 189 237 234">
     <span class='ocr_line' id='line_1_1' title="bbox 173 189 237 234; baseline -0.016 0"><span class='ocrx_word' id='word_1_1' title='bbox 173 189 237 234; x_wconf 90' lang='lat'>80</span> 
     </span>
    </p>
   </div>
   <div class='ocr_carea' id='block_1_2' title="bbox 592 176 1156 243">
    <p class='ocr_par' dir='ltr' id='par_1_2' title="bbox 592 176 1156 243">
     <span class='ocr_line' id='line_1_2' title="bbox 592 176 1156 243; baseline -0.009 -14"><span class='ocrx_word' id='word_1_2' title='bbox 592 179 775 229; x_wconf 68' lang='lat' dir='ltr'>Deam</span> <span class='ocrx_word' id='word_1_3' title='bbox 788 178 856 243; x_wconf 84' lang='lat' dir='ltr'>of</span> <span class='ocrx_word' id='word_1_4' title='bbox 875 176 1156 226; x_wconf 76' lang='lat' dir='ltr'>Chibiabus.</span> 
     </span>
    </p>
   </div>
   <div class='ocr_carea' id='block_1_3' title="bbox 671 638 1085 692">
    <p class='ocr_par' dir='ltr' id='par_1_3' title="bbox 671 638 1085 692">
     <span class='ocr_line' id='line_1_3' title="bbox 671 638 1085 692; baseline -0.019 0"><span class='ocrx_word' id='word_1_5' title='bbox 671 640 913 692; x_wconf 88' lang='lat' dir='ltr'><strong>CAPUT</strong></span> <span class='ocrx_word' id='word_1_6' title='bbox 958 638 1085 686; x_wconf 91' lang='lat' dir='ltr'>XII.</span> 
     </span>
    </p>
   </div>
   <div class='ocr_carea' id='block_1_4' title="bbox 575 813 1180 853">
    <p class='ocr_par' dir='ltr' id='par_1_4' title="bbox 575 813 1180 853">
     <span class='ocr_line' id='line_1_4' title="bbox 575 813 1180 853; baseline -0.012 0"><span class='ocrx_word' id='word_1_7' title='bbox 575 819 757 853; x_wconf 83' lang='lat' dir='ltr'>MORS</span> <span class='ocrx_word' id='word_1_8' title='bbox 811 813 1180 852; x_wconf 85' lang='lat' dir='ltr'>CHIBIABI.</span> 
     </span>
    </p>
   </div>
   <div class='ocr_carea' id='block_1_5' title="bbox 301 962 1357 2886">
    <p class='ocr_par' dir='ltr' id='par_1_5' title="bbox 309 962 1189 1016">
     <span class='ocr_line' id='line_1_5' title="bbox 309 962 1189 1016; baseline -0.009 -1"><span class='ocrx_word' id='word_1_9' title='bbox 309 968 392 1016; x_wconf 79' lang='lat' dir='ltr'>AT</span> <span class='ocrx_word' id='word_1_10' title='bbox 416 966 688 1013; x_wconf 82' lang='lat' dir='ltr'>Daemones</span> <span class='ocrx_word' id='word_1_11' title='bbox 710 964 952 1011; x_wconf 74' lang='lat' dir='ltr'>malorum</span> <span class='ocrx_word' id='word_1_12' title='bbox 976 962 1189 1009; x_wconf 82' lang='lat' dir='ltr'>artifices</span> 
     </span>
    </p>

    <p class='ocr_par' dir='ltr' id='par_1_6' title="bbox 305 1039 1144 1097">
     <span class='ocr_line' id='line_1_6' title="bbox 305 1039 1144 1097; baseline -0.011 -4"><span class='ocrx_word' id='word_1_13' title='bbox 305 1044 604 1093; x_wconf 87' lang='lat' dir='ltr'>Hiawathae</span> <span class='ocrx_word' id='word_1_14' title='bbox 628 1049 679 1090; x_wconf 89' lang='lat' dir='ltr'>et</span> <span class='ocrx_word' id='word_1_15' title='bbox 703 1041 946 1091; x_wconf 87' lang='lat' dir='ltr'>Chibiabo</span> <span class='ocrx_word' id='word_1_16' title='bbox 970 1039 1144 1097; x_wconf 87' lang='lat' dir='ltr'>invidi,</span> 
     </span>
    </p>

    <p class='ocr_par' dir='ltr' id='par_1_7' title="bbox 301 1107 1357 1180">
     <span class='ocr_line' id='line_1_7' title="bbox 301 1107 1357 1180; baseline -0.01 -9"><span class='ocrx_word' id='word_1_17' title='bbox 301 1123 377 1172; x_wconf 89' lang='lat' dir='ltr'>Ut</span> <span class='ocrx_word' id='word_1_18' title='bbox 399 1127 618 1168; x_wconf 87' lang='lat' dir='ltr'>mutuam</span> <span class='ocrx_word' id='word_1_19' title='bbox 641 1120 818 1166; x_wconf 90' lang='lat' dir='ltr'>horum</span> <span class='ocrx_word' id='word_1_20' title='bbox 841 1133 984 1180; x_wconf 87' lang='lat' dir='ltr'>opem</span> <span class='ocrx_word' id='word_1_21' title='bbox 1008 1107 1357 1173; x_wconf 65' lang='lat' dir='ltr'><strong>disturbarent,</strong></span> 
     </span>
    </p>

    <p class='ocr_par' dir='ltr' id='par_1_8' title="bbox 301 1192 1186 1257">
     <span class='ocr_line' id='line_1_8' title="bbox 301 1192 1186 1257; baseline -0.008 -11"><span class='ocrx_word' id='word_1_22' title='bbox 301 1198 521 1248; x_wconf 85' lang='lat' dir='ltr'>Exitiale</span> <span class='ocrx_word' id='word_1_23' title='bbox 546 1198 674 1244; x_wconf 85' lang='lat' dir='ltr'>inter</span> <span class='ocrx_word' id='word_1_24' title='bbox 700 1211 749 1243; x_wconf 90' lang='lat' dir='ltr'>se</span> <span class='ocrx_word' id='word_1_25' title='bbox 767 1195 984 1257; x_wconf 88' lang='lat' dir='ltr'>junxere</span> <span class='ocrx_word' id='word_1_26' title='bbox 1008 1192 1186 1240; x_wconf 85' lang='lat' dir='ltr'>foedus.</span> 
     </span>
    </p>

    <p class='ocr_par' dir='ltr' id='par_1_9' title="bbox 308 1272 1216 1338">
     <span class='ocr_line' id='line_1_9' title="bbox 308 1272 1216 1338; baseline -0.01 -13"><span class='ocrx_word' id='word_1_27' title='bbox 308 1276 466 1338; x_wconf 81' lang='lat' dir='ltr'>Saepe</span> <span class='ocrx_word' id='word_1_28' title='bbox 489 1275 718 1322; x_wconf 87' lang='lat' dir='ltr'>monebat</span> <span class='ocrx_word' id='word_1_29' title='bbox 743 1272 1010 1320; x_wconf 89' lang='lat' dir='ltr'>Hiawatha</span> <span class='ocrx_word' id='word_1_30' title='bbox 1034 1286 1216 1333; x_wconf 84' lang='lat' dir='ltr'>sagax:</span> 
     </span>
    </p>

    <p class='ocr_par' dir='ltr' id='par_1_10' title="bbox 307 1349 1100 1411">
     <span class='ocr_line' id='line_1_10' title="bbox 307 1349 1100 1411; baseline -0.008 -10"><span class='ocrx_word' id='word_1_31' title='bbox 307 1357 335 1380; x_wconf 89' lang='lat'><strong>“</strong></span> <span class='ocrx_word' id='word_1_32' title='bbox 354 1352 397 1402; x_wconf 90' lang='lat' dir='ltr'>O</span> <span class='ocrx_word' id='word_1_33' title='bbox 424 1349 589 1411; x_wconf 86' lang='lat' dir='ltr'>frater,</span> <span class='ocrx_word' id='word_1_34' title='bbox 616 1366 677 1398; x_wconf 91' lang='lat' dir='ltr'>ne</span> <span class='ocrx_word' id='word_1_35' title='bbox 701 1366 778 1398; x_wconf 89' lang='lat' dir='ltr'>me</span> <span class='ocrx_word' id='word_1_36' title='bbox 803 1349 1064 1411; x_wconf 90' lang='lat' dir='ltr'>reliqueris</span> <span class='ocrx_word' id='word_1_37' title='bbox 1088 1368 1100 1405; x_wconf 82' lang='lat'><em>3</em></span> 
     </span>
    </p>

    <p class='ocr_par' dir='ltr' id='par_1_11' title="bbox 303 1427 956 1481">
     <span class='ocr_line' id='line_1_11' title="bbox 303 1427 956 1481; baseline -0.012 0"><span class='ocrx_word' id='word_1_38' title='bbox 303 1432 384 1481; x_wconf 88' lang='lat' dir='ltr'>Ne</span> <span class='ocrx_word' id='word_1_39' title='bbox 408 1430 535 1478; x_wconf 74' lang='lat' dir='ltr'>forte</span> <span class='ocrx_word' id='word_1_40' title='bbox 560 1430 816 1477; x_wconf 88' lang='lat' dir='ltr'>daemones</span> <span class='ocrx_word' id='word_1_41' title='bbox 839 1427 956 1476; x_wconf 71' lang='lat' dir='ltr'>mali</span> 
     </span>
    </p>

    <p class='ocr_par' dir='ltr' id='par_1_12' title="bbox 311 1505 1015 1567">
     <span class='ocr_line' id='line_1_12' title="bbox 311 1505 1015 1567; baseline -0.01 -10"><span class='ocrx_word' id='word_1_42' title='bbox 311 1510 384 1557; x_wconf 90' lang='lat' dir='ltr'>Te</span> <span class='ocrx_word' id='word_1_43' title='bbox 409 1524 473 1556; x_wconf 84' lang='lat' dir='ltr'>ex</span> <span class='ocrx_word' id='word_1_44' title='bbox 498 1507 691 1554; x_wconf 83' lang='lat' dir='ltr'>insidiis</span> <span class='ocrx_word' id='word_1_45' title='bbox 716 1505 1015 1567; x_wconf 83' lang='lat' dir='ltr'>excipiant.&#39;&#39;</span> 
     </span>
    </p>

    <p class='ocr_par' dir='ltr' id='par_1_13' title="bbox 314 1583 1055 1646">
     <span class='ocr_line' id='line_1_13' title="bbox 314 1583 1055 1646; baseline -0.008 -12"><span class='ocrx_word' id='word_1_46' title='bbox 314 1586 412 1635; x_wconf 87' lang='lat' dir='ltr'>Sed</span> <span class='ocrx_word' id='word_1_47' title='bbox 437 1586 534 1644; x_wconf 89' lang='lat' dir='ltr'>ille,</span> <span class='ocrx_word' id='word_1_48' title='bbox 554 1584 850 1646; x_wconf 86' lang='lat' dir='ltr'>juveniliter</span> <span class='ocrx_word' id='word_1_49' title='bbox 872 1583 1055 1642; x_wconf 89' lang='lat' dir='ltr'>ridens,</span> 
     </span>
    </p>

    <p class='ocr_par' dir='ltr' id='par_1_14' title="bbox 307 1661 1099 1727">
     <span class='ocr_line' id='line_1_14' title="bbox 307 1661 1099 1727; baseline -0.008 -15"><span class='ocrx_word' id='word_1_50' title='bbox 307 1664 360 1712; x_wconf 84' lang='lat' dir='ltr'>N</span> <span class='ocrx_word' id='word_1_51' title='bbox 363 1664 619 1727; x_wconf 87' lang='lat' dir='ltr'>igerrimos</span> <span class='ocrx_word' id='word_1_52' title='bbox 644 1661 898 1724; x_wconf 80' lang='lat' dir='ltr'>quassavit</span> <span class='ocrx_word' id='word_1_53' title='bbox 922 1661 1099 1719; x_wconf 84' lang='lat' dir='ltr'>crines,</span> 
     </span>
    </p>

    <p class='ocr_par' dir='ltr' id='par_1_15' title="bbox 308 1735 1325 1804">
     <span class='ocr_line' id='line_1_15' title="bbox 308 1735 1325 1804; baseline -0.007 -15"><span class='ocrx_word' id='word_1_54' title='bbox 308 1742 480 1804; x_wconf 90' lang='lat' dir='ltr'>Atque</span> <span class='ocrx_word' id='word_1_55' title='bbox 504 1741 574 1787; x_wconf 89' lang='lat' dir='ltr'>ait</span> <span class='ocrx_word' id='word_1_56' title='bbox 596 1757 608 1786; x_wconf 73' lang='grc' dir='ltr'><strong>ι</strong></span> <span class='ocrx_word' id='word_1_57' title='bbox 646 1739 811 1786; x_wconf 90' lang='lat' dir='ltr'>“Noli</span> <span class='ocrx_word' id='word_1_58' title='bbox 835 1739 1024 1796; x_wconf 89' lang='lat' dir='ltr'>timere,</span> <span class='ocrx_word' id='word_1_59' title='bbox 1050 1738 1119 1789; x_wconf 86' lang='lat' dir='ltr'>mi</span> <span class='ocrx_word' id='word_1_60' title='bbox 1144 1735 1325 1784; x_wconf 86' lang='lat' dir='ltr'>frater:</span> 
     </span>
    </p>

    <p class='ocr_par' dir='ltr' id='par_1_16' title="bbox 310 1815 1302 1955">
     <span class='ocr_line' id='line_1_16' title="bbox 310 1815 1097 1878; baseline -0.005 -12"><span class='ocrx_word' id='word_1_61' title='bbox 310 1819 396 1866; x_wconf 91' lang='lat' dir='ltr'>Ad</span> <span class='ocrx_word' id='word_1_62' title='bbox 418 1833 495 1865; x_wconf 91' lang='lat' dir='ltr'>me</span> <span class='ocrx_word' id='word_1_63' title='bbox 519 1817 647 1863; x_wconf 88' lang='lat' dir='ltr'>nihil</span> <span class='ocrx_word' id='word_1_64' title='bbox 669 1816 787 1863; x_wconf 71' lang='lat' dir='ltr'>mali</span> <span class='ocrx_word' id='word_1_65' title='bbox 812 1815 1097 1878; x_wconf 86' lang='lat' dir='ltr'>pertingit.”</span> 
     </span>
     <span class='ocr_line' id='line_1_17' title="bbox 377 1890 1302 1955; baseline -0.005 -12"><span class='ocrx_word' id='word_1_66' title='bbox 377 1895 614 1953; x_wconf 85' lang='lat' dir='ltr'>Tandem,</span> <span class='ocrx_word' id='word_1_67' title='bbox 640 1909 790 1955; x_wconf 91' lang='lat' dir='ltr'>quum</span> <span class='ocrx_word' id='word_1_68' title='bbox 801 1890 1001 1941; x_wconf 61' lang='lat' dir='ltr'>&#39;‘Laeum</span> <span class='ocrx_word' id='word_1_69' title='bbox 1024 1892 1302 1939; x_wconf 85' lang='lat' dir='ltr'>Maximum</span> 
     </span>
    </p>

    <p class='ocr_par' dir='ltr' id='par_1_17' title="bbox 312 1971 967 2035">
     <span class='ocr_line' id='line_1_18' title="bbox 312 1971 967 2035; baseline -0.006 -14"><span class='ocrx_word' id='word_1_70' title='bbox 312 1974 487 2021; x_wconf 89' lang='lat' dir='ltr'>Hiems</span> <span class='ocrx_word' id='word_1_71' title='bbox 511 1972 669 2035; x_wconf 83' lang='lat' dir='ltr'>glacie</span> <span class='ocrx_word' id='word_1_72' title='bbox 693 1971 967 2030; x_wconf 79' lang='lat' dir='ltr'>obtexerat,</span> 
     </span>
    </p>

    <p class='ocr_par' dir='ltr' id='par_1_18' title="bbox 310 2048 1020 2111">
     <span class='ocr_line' id='line_1_19' title="bbox 310 2048 1020 2111; baseline -0.007 -12"><span class='ocrx_word' id='word_1_73' title='bbox 310 2051 575 2111; x_wconf 83' lang='lat' dir='ltr'>Floocique</span> <span class='ocrx_word' id='word_1_74' title='bbox 601 2049 791 2096; x_wconf 85' lang='lat' dir='ltr'>nivales</span> <span class='ocrx_word' id='word_1_75' title='bbox 815 2048 1020 2111; x_wconf 84' lang='lat' dir='ltr'>pervagi</span> 
     </span>
    </p>

    <p class='ocr_par' dir='ltr' id='par_1_19' title="bbox 309 2125 1255 2188">
     <span class='ocr_line' id='line_1_20' title="bbox 309 2125 1255 2188; baseline -0.005 -12"><span class='ocrx_word' id='word_1_76' title='bbox 309 2129 448 2176; x_wconf 89' lang='lat' dir='ltr'>Inter</span> <span class='ocrx_word' id='word_1_77' title='bbox 471 2127 711 2174; x_wconf 84' lang='lat' dir='ltr'>marcidas</span> <span class='ocrx_word' id='word_1_78' title='bbox 737 2129 947 2188; x_wconf 75' lang='lat' dir='ltr'>quereus</span> <span class='ocrx_word' id='word_1_79' title='bbox 978 2125 1255 2184; x_wconf 83' lang='lat' dir='ltr'>sibilabant,</span> 
     </span>
    </p>

    <p class='ocr_par' dir='ltr' id='par_1_20' title="bbox 310 2204 1258 2265">
     <span class='ocr_line' id='line_1_21' title="bbox 310 2204 1258 2265; baseline -0.004 -12"><span class='ocrx_word' id='word_1_80' title='bbox 310 2207 436 2253; x_wconf 83' lang='lat' dir='ltr'>Mox</span> <span class='ocrx_word' id='word_1_81' title='bbox 459 2205 819 2252; x_wconf 84' lang='lat' dir='ltr'>obumbranteis</span> <span class='ocrx_word' id='word_1_82' title='bbox 843 2204 1069 2265; x_wconf 87' lang='lat' dir='ltr'>pinorum</span> <span class='ocrx_word' id='word_1_83' title='bbox 1097 2219 1258 2250; x_wconf 90' lang='lat' dir='ltr'>ramos</span> 
     </span>
    </p>

    <p class='ocr_par' dir='ltr' id='par_1_21' title="bbox 309 2280 1156 2332">
     <span class='ocr_line' id='line_1_22' title="bbox 309 2280 1156 2332; baseline -0.005 -1"><span class='ocrx_word' id='word_1_84' title='bbox 309 2284 373 2332; x_wconf 91' lang='lat' dir='ltr'>In</span> <span class='ocrx_word' id='word_1_85' title='bbox 395 2283 521 2330; x_wconf 88' lang='lat' dir='ltr'>latos</span> <span class='ocrx_word' id='word_1_86' title='bbox 545 2281 917 2330; x_wconf 84' lang='lat' dir='ltr'>consolidabant</span> <span class='ocrx_word' id='word_1_87' title='bbox 940 2280 1156 2328; x_wconf 86' lang='lat' dir='ltr'>fornices</span> 
     </span>
    </p>

    <p class='ocr_par' dir='ltr' id='par_1_22' title="bbox 315 2358 1099 2415">
     <span class='ocr_line' id='line_1_23' title="bbox 315 2358 1099 2415; baseline -0.006 -5"><span class='ocrx_word' id='word_1_88' title='bbox 315 2360 417 2410; x_wconf 88' lang='lat' dir='ltr'>Sub</span> <span class='ocrx_word' id='word_1_89' title='bbox 440 2366 578 2408; x_wconf 86' lang='lat' dir='ltr'>vasto</span> <span class='ocrx_word' id='word_1_90' title='bbox 602 2366 845 2407; x_wconf 89' lang='lat' dir='ltr'>terrarum</span> <span class='ocrx_word' id='word_1_91' title='bbox 870 2358 1066 2406; x_wconf 86' lang='lat' dir='ltr'>silentio</span> <span class='ocrx_word' id='word_1_92' title='bbox 1085 2377 1099 2415; x_wconf 91' lang='lat'>;</span> 
     </span>
    </p>

    <p class='ocr_par' dir='ltr' id='par_1_23' title="bbox 312 2436 1184 2496">
     <span class='ocr_line' id='line_1_24' title="bbox 312 2436 1184 2496; baseline -0.003 -10"><span class='ocrx_word' id='word_1_93' title='bbox 312 2439 442 2486; x_wconf 88' lang='lat' dir='ltr'>Tum</span> <span class='ocrx_word' id='word_1_94' title='bbox 467 2437 755 2496; x_wconf 88' lang='lat' dir='ltr'>Chibiabus,</span> <span class='ocrx_word' id='word_1_95' title='bbox 781 2436 986 2484; x_wconf 86' lang='lat' dir='ltr'>fraterni</span> <span class='ocrx_word' id='word_1_96' title='bbox 1009 2437 1184 2483; x_wconf 88' lang='lat' dir='ltr'>moniti</span> 
     </span>
    </p>

    <p class='ocr_par' dir='ltr' id='par_1_24' title="bbox 312 2514 1219 2577">
     <span class='ocr_line' id='line_1_25' title="bbox 312 2514 1219 2577; baseline -0.003 -14"><span class='ocrx_word' id='word_1_97' title='bbox 312 2516 713 2577; x_wconf 87' lang='lat' dir='ltr'>Daemonumque</span> <span class='ocrx_word' id='word_1_98' title='bbox 735 2514 979 2562; x_wconf 71' lang='lat' dir='ltr'>malorum</span> <span class='ocrx_word' id='word_1_99' title='bbox 1004 2529 1219 2572; x_wconf 86' lang='lat' dir='ltr'>securus,</span> 
     </span>
    </p>

    <p class='ocr_par' dir='ltr' id='par_1_25' title="bbox 316 2592 1014 2642">
     <span class='ocr_line' id='line_1_26' title="bbox 316 2592 1014 2642; baseline -0.003 -1"><span class='ocrx_word' id='word_1_100' title='bbox 316 2592 558 2642; x_wconf 83' lang='lat' dir='ltr'>Cornutos</span> <span class='ocrx_word' id='word_1_101' title='bbox 581 2597 816 2639; x_wconf 82' lang='lat' dir='ltr'>venatum</span> <span class='ocrx_word' id='word_1_102' title='bbox 840 2607 1014 2640; x_wconf 85' lang='lat' dir='ltr'>cervos</span> 
     </span>
    </p>

    <p class='ocr_par' dir='ltr' id='par_1_26' title="bbox 314 2668 1144 2732">
     <span class='ocr_line' id='line_1_27' title="bbox 314 2668 1144 2732; baseline 0 -16"><span class='ocrx_word' id='word_1_103' title='bbox 314 2670 412 2717; x_wconf 89' lang='lat' dir='ltr'>Per</span> <span class='ocrx_word' id='word_1_104' title='bbox 436 2671 593 2717; x_wconf 90' lang='lat' dir='ltr'>niveis</span> <span class='ocrx_word' id='word_1_105' title='bbox 618 2675 859 2732; x_wconf 84' lang='lat' dir='ltr'>evagatur</span> <span class='ocrx_word' id='word_1_106' title='bbox 884 2668 1144 2717; x_wconf 89' lang='lat' dir='ltr'>solitarius.</span> 
     </span>
    </p>

    <p class='ocr_par' dir='ltr' id='par_1_27' title="bbox 317 2746 847 2796">
     <span class='ocr_line' id='line_1_28' title="bbox 317 2746 847 2796; baseline -0.006 0"><span class='ocrx_word' id='word_1_107' title='bbox 317 2746 504 2796; x_wconf 88' lang='lat' dir='ltr'>Cervos</span> <span class='ocrx_word' id='word_1_108' title='bbox 528 2748 677 2794; x_wconf 82' lang='lat' dir='ltr'>citato</span> <span class='ocrx_word' id='word_1_109' title='bbox 702 2759 847 2794; x_wconf 85' lang='lat' dir='ltr'>cursu</span> 
     </span>
    </p>

    <p class='ocr_par' dir='ltr' id='par_1_28' title="bbox 314 2823 978 2886">
     <span class='ocr_line' id='line_1_29' title="bbox 314 2823 978 2886; baseline -0.002 -14"><span class='ocrx_word' id='word_1_110' title='bbox 314 2823 378 2872; x_wconf 89' lang='lat' dir='ltr'>In</span> <span class='ocrx_word' id='word_1_111' title='bbox 400 2823 560 2872; x_wconf 69' lang='lat' dir='ltr'>Lacus</span> <span class='ocrx_word' id='word_1_112' title='bbox 583 2840 764 2886; x_wconf 86' lang='lat' dir='ltr'>aequor</span> <span class='ocrx_word' id='word_1_113' title='bbox 788 2825 978 2886; x_wconf 87' lang='lat' dir='ltr'>elapsos</span> 
     </span>
    </p>
   </div>
   <div class='ocr_carea' id='block_1_6' title="bbox 1591 1236 1650 3048">
    <p class='ocr_par' dir='ltr' id='par_1_29' title="bbox 1591 1236 1650 3048">
     <span class='ocr_line' id='line_1_30' title="bbox 1591 1236 1650 3048; baseline 0 0"><span class='ocrx_word' id='word_1_114' title='bbox 1591 1236 1650 3048; x_wconf 95' lang='lat' dir='ltr'> </span> 
     </span>
    </p>
   </div>
  </div>
 </body>
</html>
