1650 3048
478 159 694 195 CARMEN
730 155 1059 192 HIAWATHAE
1067 177 1078 189 .

281 285 418 346 Quae
442 286 651 347 desuper
674 284 814 346 aquis
837 280 1173 329 imminebant:

276 363 356 410 Ibi
379 378 492 411 cum
514 363 626 410 telis
651 360 1005 423 exspectabant
1029 359 1234 405 hostem.

276 441 343 499 Is,
371 441 706 503 pomeridiano
733 446 951 500 tempore

278 518 657 581 Aestivo-segni
683 517 964 577 suffocante,

280 595 382 644 Sub
406 597 588 658 apricis
612 596 761 642 radiis
784 595 941 642 lassus

276 673 551 722 Levissimo
575 674 866 720 illabebatur
889 672 1102 734 aequori,

274 751 579 799 Decursibus
604 751 893 798 scintillanti
917 750 1228 802 insectarum,

274 828 412 876 Aera
434 830 735 876 mussatione
759 829 1085 890 implentium.

272 905 486 968 Jamque
511 913 621 968 post
646 906 866 953 fervores
892 906 981 953 sub
1010 904 1185 952 umbra

278 982 463 1045 Sopore
487 984 589 1031 leni
613 984 823 1030 afficitur

274 1061 478 1108 Mitiore
503 1062 779 1124 permulsus
803 1059 936 1120 aura,

276 1139 344 1185 Et
368 1139 469 1186 vim
493 1155 737 1187 remorum
762 1140 1020 1187 deminuit.

273 1217 525 1280 Pygmaei,
551 1218 692 1280 gnari
713 1217 1015 1276 Quasindam

275 1294 336 1339 In
360 1295 546 1342 vertice
569 1295 713 1342 modo
733 1295 907 1356 capitis
931 1295 1195 1351 infirmum,

275 1372 420 1419 Hanc
444 1379 633 1433 partem
656 1372 959 1420 nucamentis
983 1377 1173 1433 petunt,

277 1448 377 1497 Suo
401 1450 500 1497 telo
523 1466 580 1497 ac
605 1447 745 1497 clava
767 1447 961 1497 bellica.

278 1525 360 1575 Sic
384 1524 566 1589 pusilla
589 1527 851 1589 pulsabant
873 1525 1028 1590 plaga

273 1603 421 1651 Alius
444 1610 592 1666 atque
616 1605 740 1652 alius
766 1605 984 1651 validum
1007 1604 1184 1662 virum,

277 1681 390 1741 Qui,
416 1683 571 1746 magis
595 1684 849 1745 magisque
873 1682 1151 1744 languidUS,

274 1760 439 1822 Magis
462 1761 715 1823 magisque
742 1760 1097 1807 somniculosus

277 1837 379 1886 Sub
405 1838 547 1885 cirris
571 1838 849 1884 betularum
873 1836 1283 1899 impendentibus,

273 1914 400 1962 Leni
423 1930 659 1976 aquarum
684 1930 883 1961 susurro

271 1993 352 2039 Ac
377 2008 588 2040 consono
612 1993 910 2040 insectarum
932 2005 1200 2049 murmure,

273 2070 410 2117 Telis
433 2070 798 2133 Pygmaeorum
822 2069 1158 2126 conturbatus,

273 2146 449 2210 Capite
475 2149 608 2194 omni
632 2163 688 2195 ac
711 2154 877 2196 mente
902 2154 1055 2206 natat,

272 2225 529 2287 Tanquam
555 2226 595 2272 si
620 2226 875 2288 longinqui
900 2226 1057 2273 undas

272 2302 459 2350 Oceani
482 2303 650 2350 audiat
673 2303 1063 2350 tumultuanteis.

269 2380 394 2427 Mox
418 2396 535 2428 rura
558 2381 882 2427 obscurantur
906 2386 958 2427 et
980 2381 1134 2442 ripae,

271 2457 548 2519 Manfisque
573 2459 623 2504 in
647 2474 811 2520 genua
835 2458 1084 2505 decidunt.

272 2535 413 2582 Tunc
438 2535 616 2582 fortius
640 2541 786 2596 atque
811 2534 969 2582 acrius
993 2534 1106 2582 telis

269 2612 457 2659 Petunt
479 2613 699 2659 nutantis
723 2612 957 2659 verticem
979 2631 993 2668 ;

271 2690 443 2752 Atque
467 2705 596 2749 ecce,
624 2689 879 2737 declinans
905 2689 1102 2751 oblique

269 2767 313 2814 E
340 2765 528 2832 cymba,
554 2783 738 2830 pronus
762 2766 1083 2830 immergitur,

1419 141 1481 186 91
