1650 3048
464 157 678 194 cmm
712 158 1057 196 mAwArnAn.
1380 150 1464 197 101

203 284 396 333 Florem
419 284 701 333 adolescens
724 288 1053 349 conspicatur,

202 362 543 425 Primigenum
566 363 716 411 VerIs
740 364 902 423 decus,

202 439 558 487 Pulcerrimam
594 439 882 502 Virqinicae
905 457 1162 505 gemmam.

273 515 357 565 Sic
381 517 433 563 in
455 518 658 580 regione
681 518 882 567 Boreali
1185 521 1188 524 ’

203 592 328 641 Post
351 592 510 657 frigus
533 595 735 643 brumae
758 596 1070 643 invisitatum

205 671 376 719 Verna
398 672 602 720 advenit
623 679 888 735 tempestas
913 673 1187 736 splendida,

202 748 415 809 Avibus,
439 751 662 812 gemmis,
686 751 903 811 floribus,

207 826 378 886 Foliis,
404 827 709 890 graminibus
734 835 920 876 ornata.

207 902 408 966 Septem
432 919 604 952 versus
630 905 878 965 Trionem,
897 906 1035 953 velut
1057 906 1259 953 navium
1274 907 1481 970 agmina,

209 981 329 1031 Sive
351 988 409 1030 ut
432 973 722 1045 sagittarum
746 983 901 1031 imber
925 984 1183 1045 plurimus,

209 1059 377 1108 Vento
400 1060 609 1120 devecti,
635 1061 793 1108 olores
817 1067 952 1121 eunt,

206 1137 374 1187 Paene
399 1135 615 1186 humana
638 1138 946 1186 clamitantes
969 1154 1122 1187 voce:

209 1214 341 1263 Item
365 1230 564 1264 anseres
587 1217 737 1276 nivei,
763 1218 850 1279 qui
873 1217 1107 1276 lineatim,

209 1292 286 1342 Ut
309 1294 537 1356 perrupti
560 1309 763 1341 arcuum
786 1295 942 1353 nervi,

207 1370 449 1419 Flexibus
471 1370 619 1434 longe
641 1372 861 1419 extentis
884 1371 1154 1420 fluctuantz

208 1448 333 1496 Mox
357 1448 535 1510 pennis
558 1448 808 1511 clangens,
833 1464 1032 1512 mergus
1056 1449 1290 1513 glacialiS,

209 1525 320 1573 Aut
343 1526 491 1585 solus,
518 1531 605 1573 aut
628 1523 733 1574 sola
755 1542 868 1574 cum
891 1526 1133 1590 conjuge3

214 1602 285 1651 Et
308 1603 456 1651 ardea
478 1603 672 1651 caerula
693 1610 843 1666 atque
866 1610 1039 1653 tetrao.

276 1681 419 1730 Inter
444 1682 641 1729 dumeta
663 1697 850 1744 perque
873 1688 1015 1744 prata

216 1758 371 1809 Suum
396 1759 631 1823 cyaneola
652 1759 908 1821 profundit
931 1775 1142 1808 carmen.

221 1835 423 1885 Summo
446 1836 636 1899 tugurii
661 1837 713 1883 in
735 1836 936 1899 fastigio

213 1913 470 1962 Rubecula
492 1919 695 1961 cantans
718 1914 999 1976 respondet.

212 1991 437 2050 Necnon,
465 1990 770 2039 densissimis
794 1991 847 2038 in
871 1992 1003 2053 pinis

215 2067 442 2127 Obtecta,
468 2068 787 2131 congemebat
810 2069 1091 2130 palumbes:

214 2145 349 2206 Quas
373 2146 559 2194 omneis
583 2145 849 2193 Hiawatha
870 2145 1224 2193 moestissimus

215 2223 469 2272 Audiebat
492 2238 604 2271 cum
626 2221 816 2287 elingui
840 2228 1056 2286 gutture,

217 2300 511 2363 Quanquam
535 2315 587 2349 se
610 2299 955 2362 compellatum
980 2300 1149 2348 sensit.

220 2378 411 2426 Tamen
434 2378 566 2425 tristi
589 2392 818 2441 egressus
842 2378 970 2425 ostio

218 2455 417 2514 Astitit,
443 2454 634 2503 caelum
658 2461 893 2503 contuens

221 2530 570 2594 Telluremque
594 2537 645 2579 et
668 2548 818 2594 aquas
842 2532 1125 2580 latissimas.

221 2608 305 2658 Sic
330 2609 523 2672 saepius
547 2610 882 2672 contemplans
905 2610 1110 2668 astabat,

218 2686 369 2734 Veris
392 2702 481 2749 per
504 2687 647 2734 horas
670 2687 895 2746 recentis,

221 2762 385 2813 Orbus
409 2769 459 2813 et
483 2761 789 2813 Minnehaha
809 2770 862 2814 et
884 2763 1172 2813 Nocomide.
