1708 3106
724 192 828 240 The
849 189 1165 253 Peme-pilae.

378 341 532 388 Rivos
555 337 804 401 piscarios‚
830 349 982 393 ursOS,
1007 333 1252 389 bonassos,

380 417 630 478 Capream,
655 412 927 470 tarandum,
951 424 1185 467 anserem,
1210 407 1403 454 fibrum.

377 494 590 541 Paludes
613 490 906 547 volucribus,
934 487 1150 549 piscibus
1174 484 1361 532 amneis

378 569 614 631 Replevi:
653 572 709 614 et*
727 581 814 613 cur
837 581 934 612 non
958 563 1175 611 contenti
1194 560 1349 609 estis?

377 647 479 696 Cur
501 647 644 693 homo
666 645 911 691 hominem
933 646 1141 689 venatur
1161 638 1181 687 Ρ

377 724 562 771 Taedet
582 737 659 769 me
684 727 956 768 vestrarum
974 720 1171 775 irarum,

374 801 622 847 Bellorum
645 799 902 859 caedisque
924 795 1214 856 reciprocae,

380 877 647 937 Precisque
670 874 862 921 ultricis
887 880 936 920 et
952 871 1109 934 jurgii
1134 870 1391 917 discordis.

371 955 445 1001 At
468 953 605 1000 vobis
628 967 693 999 ex
711 966 948 999 consensu
972 955 1117 1010 erunt
1141 949 1305 1003 vires;

376 1028 489 1079 Sola
512 1045 576 1077 ex
594 1025 838 1076 discordia
855 1033 930 1075 est
947 1026 1234 1089 periculum.

370 1108 506 1169 Ergo
529 1106 703 1153 dehinc
727 1105 856 1151 inter
880 1119 969 1150 vos
992 1103 1287 1164 pacaminor,

371 1184 437 1230 Et
460 1183 574 1241 una,
594 1190 826 1243 tanquam
849 1179 1039 1238 fratres,
1067 1179 1300 1241 degitote.

436 1260 659 1307 “Vatem
674 1258 943 1320 juridicum
967 1258 1028 1303 ad
1052 1272 1141 1303 vos
1163 1257 1354 1319 legabo,

367 1337 626 1384 Arbitrum
650 1336 878 1398 gentibus
905 1335 1163 1392 salubrem,

371 1413 469 1473 Qui
492 1419 632 1476 reget
654 1429 743 1460 vos
767 1419 913 1473 atque
938 1412 1147 1470 docebit,

373 1493 638 1539 Laborabit
661 1506 716 1538 ac
740 1491 1042 1552 perpetietur
1067 1489 1337 1536 vobiscum.

368 1569 533 1631 Hujus
559 1569 601 1616 si
624 1568 841 1616 consiliis
866 1567 1118 1625 obedietis,

366 1647 541 1693 Plures
564 1646 689 1693 fietis
713 1661 769 1692 ac
792 1645 1153 1706 prosperiores:

371 1723 459 1771 Sin
481 1722 799 1784 neglexeritis
824 1721 928 1782 ejus
953 1722 1169 1780 monitis,

370 1800 734 1846 Evanescentes
759 1799 1001 1860 peribitis.

435 1879 464 1901 “
481 1875 644 1934 Quare
668 1875 761 1922 hoc
785 1876 837 1921 in
859 1876 1059 1922 flumine
1082 1876 1301 1923 immersi

365 1953 573 2000 Abluite
596 1953 772 2000 bellica
794 1953 1061 2015 pigmenta,

369 2029 633 2092 Sanguinis
656 2029 871 2075 maculas
895 2029 1066 2092 digitis
1089 2030 1376 2094 abstergite,

365 2105 541 2154 Clavas
564 2106 761 2153 bellicas
788 2121 845 2153 ac
866 2107 965 2154 tela
989 2107 1209 2169 sepelite.

362 2181 474 2230 Hac
498 2198 559 2230 ex
583 2181 851 2244 lapicidina
875 2191 1069 2231 erutum
1093 2201 1269 2233 saxum

363 2261 424 2306 In
446 2276 611 2307 russos
634 2262 768 2322 pacis
793 2261 990 2308 tubulos
1014 2263 1280 2326 confingite
1297 2282 1311 2311 ε

362 2336 493 2383 Dein
516 2337 792 2396 arundines,
819 2353 943 2399 quae
960 2338 1112 2400 juxta
1135 2349 1379 2400 crescunt,

365 2413 661 2461 Clarissimis
687 2415 913 2462 decorate
938 2417 1128 2477 pennis,

364 2490 445 2548 Et,
471 2492 759 2538 concordem
782 2494 1081 2554 respirantes
1106 2494 1309 2557 fumum,

362 2566 554 2614 Dehinc
577 2574 633 2615 ut
656 2568 832 2617 fratres
858 2571 1121 2633 degitote.''

428 2643 622 2692 Exinde
644 2646 902 2695 bellatores
927 2665 1074 2710 super
1097 2649 1300 2698 humum

362 2719 519 2767 Pallia
540 2721 848 2783 projecerunt
871 2731 921 2772 et
944 2727 1173 2783 nebridas

365 2795 490 2845 Cum
512 2797 622 2845 telis
646 2805 695 2847 et
717 2808 890 2862 paratu
912 2803 1123 2860 bellico;
1149 2789 1152 2792 Δ
