1650 3048
152 195 217 241 84

470 186 574 235 The
603 179 895 243 Succesqful
925 176 1180 226 Gambler.

649 657 888 710 CAPUT
933 654 1083 703 XIV.

542 814 748 850 MORS
806 807 1176 846 VENTOSI.

292 941 375 988 DE
399 939 621 987 Ventoso
646 938 822 985 solerte
846 935 1119 992 narrabam,
1198 964 1202 966 —

298 1015 514 1067 saltatus
537 1016 767 1076 aleaeque
790 1013 1102 1076 peritissimo,

298 1098 454 1158 Quem
477 1097 656 1159 vulgus
680 1094 958 1157 appellabat
979 1090 1350 1140 Procellarium.

298 1176 406 1235 Ille,
432 1172 538 1222 alea
561 1180 611 1221 et
633 1174 761 1220 ludis
786 1172 996 1219 diversis

293 1255 500 1301 Paterae
525 1258 609 1299 aut
633 1252 845 1312 scriptae
868 1249 1079 1307 tabulae,

294 1332 517 1379 Juvenes
541 1335 686 1391 atque
712 1329 843 1390 ipsos
869 1342 1009 1374 senes

296 1409 474 1456 Totam
496 1423 585 1469 per
609 1412 803 1453 noctem
826 1405 1106 1460 detinebat3

295 1487 480 1544 Donec,
509 1501 595 1532 suo
620 1485 672 1530 in
696 1484 818 1530 ludo
836 1483 1002 1541 solers,

300 1562 534 1613 Omnium
557 1577 672 1623 opes
698 1561 1193 1623 exquisitissimas,—

301 1641 514 1703 Depstas
538 1640 834 1701 villosasque
858 1638 1045 1700 pelleis,

301 1718 542 1780 Torqueis
566 1718 823 1776 muriceos‚
854 1716 1028 1763 oristas
1053 1729 1283 1776 penneas,

302 1795 586 1853 Crumenas‚
613 1794 823 1852 tubulos,
850 1793 1032 1851 tela,—

299 1873 630 1921 Bellatoribus
654 1876 801 1933 atque
826 1871 1081 1917 industriis
1107 1869 1325 1917 detracta

308 1950 414 1999 Sibi
438 1950 667 1996 assumsit
691 1948 901 1995 imbellis
926 1953 976 1995 et
999 1948 1146 1995 iners.

309 2028 439 2075 Tum
463 2026 812 2086 infit,—-filium
834 2025 1087 2073 bellatoris

304 2105 554 2153 Juvenem
577 2120 633 2151 ac
657 2104 875 2151 validum
900 2104 1167 2151 denotans:

308 2186 337 2208 “
353 2183 451 2229 Pro
468 2181 653 2244 juvene
677 2181 786 2240 hoo,
814 2181 855 2228 si
878 2181 1012 2240 libet,
1036 2180 1080 2229 O
1105 2187 1260 2243 pater,

312 2259 563 2321 Quidquid
586 2260 803 2306 omnium
826 2274 991 2305 rerum
1012 2259 1183 2317 habeo,

310 2337 370 2383 Id
394 2353 491 2383 uno
515 2337 607 2385 tibi
631 2338 682 2383 in
706 2337 821 2383 ludo
846 2336 1146 2397 periclitor?

376 2415 563 2461 Furore
587 2414 789 2461 ludendi
812 2414 1060 2476 abreptus,

311 2492 461 2539 Pater
485 2492 814 2539 conditionem
838 2491 1031 2552 accipit,

319 2568 414 2616 Sed
438 2570 616 2616 iterum
640 2569 857 2616 vincitur
880 2585 909 2615 a
931 2569 1153 2616 Ventoso
1177 2588 1190 2625 ;

319 2645 430 2704 Qui,
458 2662 544 2707 pro
569 2662 709 2694 servo
725 2645 963 2706 juvenem
986 2647 1242 2707 arripiens,

317 2723 562 2770 Humeros
586 2723 693 2785 ejus
717 2724 941 2786 plurimis
966 2729 1138 2772 onerat

318 2801 637 2849 Rhenonibus
662 2807 712 2850 et
737 2803 905 2864 spoliis
929 2803 1157 2864 pretiosis
1181 2822 1194 2859 ;
