1650 3048
356 154 571 191 GARMEN
606 153 952 189 HIAWATHAE.

158 286 296 350 Ergo
319 285 532 334 decessit
556 285 829 333 Hiawatha

87 363 151 411 In
174 364 426 427 regionem
448 364 763 422 Dacotarum,

87 440 384 489 Pulcrarum
407 441 702 489 feminarum
725 447 940 497 terram3

88 517 189 566 Per
212 525 408 578 rusceta
429 519 629 566 collium
652 533 838 580 perque
861 523 1015 581 prata,

89 595 191 643 Per
215 597 365 644 silvas
389 597 746 655 interminatas,

88 673 188 721 Per
211 673 408 721 silentia
430 674 735 721 desertorum
758 672 1007 731 incedens,

88 750 263 813 Longo
284 750 452 798 labore
476 749 765 809 indefessus,

90 826 252 876 Corde
275 831 475 891 gressus
498 832 859 890 praevertente.

89 906 312 954 Tandem
329 922 566 968 aquarum
588 906 931 968 praecipitium

89 984 142 1031 A
166 985 456 1032 decurrente
480 982 789 1032 Minnehaha

89 1061 271 1109 Dulcia
293 1063 511 1109 tonitrua
534 1077 622 1123 per
648 1062 902 1109 silentium
925 1062 1158 1110 vocantia

87 1138 272 1186 Pectus
296 1140 738 1201 appropinquantis
763 1139 1031 1188 deleniunt.

88 1216 185 1265 Ille
209 1216 261 1263 in
284 1217 505 1280 margine
530 1218 683 1265 silvae

88 1293 229 1343 Inter
253 1296 452 1342 umbras
473 1311 688 1342 ramosas
711 1310 768 1343 ac
784 1293 933 1356 jubar

92 1370 287 1435 Greges
312 1373 565 1419 damarum
588 1373 865 1434 pascenteis

89 1448 208 1497 Non
232 1455 524 1512 conspectus
548 1451 809 1512 conspicit.

90 1527 220 1574 Tum
243 1543 412 1576 arcum
434 1528 661 1575 hortatus
684 1544 742 1576 ac
767 1528 1012 1591 sagittam,

93 1604 216 1653 “Ne
237 1620 316 1653 me
340 1605 582 1653 destitue!
630 1621 692 1654 ne
716 1610 766 1654 te
790 1606 996 1655 deflecte
1014 1606 1064 1654 !”

89 1682 260 1730 Rubra
282 1699 371 1746 per
394 1683 564 1730 damae
588 1684 878 1745 praecordia

91 1760 269 1808 Telum
291 1761 503 1807 tramisit
526 1767 758 1823 argutum
779 1781 793 1818 3

89 1838 159 1885 Et
181 1839 385 1885 humero
408 1838 615 1899 praedae
640 1838 860 1900 subjecto

93 1916 319 1963 Festinat
343 1915 436 1962 iter
460 1916 774 1964 destinatum.

157 1992 221 2040 In
244 1993 433 2055 tugurii
457 1994 583 2040 ostio
606 1993 808 2041 sedebat

91 2071 251 2118 Vetus
276 2071 360 2118 ille
385 2071 678 2133 sagittarum
702 2071 839 2119 faber

92 2149 155 2196 In
177 2146 310 2196 terra
333 2149 634 2196 Dacotarum
657 2164 916 2198 mucrones

91 2227 176 2273 Ex
199 2226 392 2288 iaspare
416 2232 466 2274 et
487 2227 660 2274 achate
684 2228 986 2278 concinnans
1007 2251 1023 2289 3

91 2304 222 2351 Filia
243 2309 407 2351 autem
430 2305 630 2351 sedebat
646 2304 800 2366 juxta

92 2381 668 2440 Pulcra,—Minnehaha
690 2384 931 2445 amabilis,

96 2458 405 2521 Componens
431 2460 645 2521 scirpeas
670 2466 969 2525 storeasque.

96 2535 188 2584 Ille
214 2536 272 2584 de
296 2537 577 2598 praeteritis
601 2537 763 2597 rebus,

97 2614 236 2661 Haec
263 2615 323 2662 de
347 2613 531 2661 futuris
556 2615 821 2677 cogitabat.

96 2690 189 2739 Ille
214 2692 274 2739 de
296 2693 472 2754 priscis
496 2693 828 2753 venatoribus,

98 2768 289 2829 Quibus
312 2786 455 2819 nemo
471 2770 576 2833 jam
602 2771 795 2820 viveret
818 2789 1046 2837 compar;

1300 142 1364 187 63
