1650 3048
452 167 667 202 CARMEN
701 166 1047 200 HIAWATHAE.

184 644 212 670 *-
372 642 401 670 *-
561 641 590 669 *¹
751 641 779 669 ※
932 639 961 668 ἦ
1114 638 1143 666 *

301 759 693 821 [Fraymentum
717 773 743 806 e
766 759 952 805 seriore
975 755 1185 822 capita]

245 837 381 900 Ergo
405 837 676 885 canendum
700 843 870 883 nostro
894 837 946 882 in
970 836 1187 883 carmine

178 916 256 963 De
279 911 475 977 postera
497 930 737 962 annorum
760 914 998 962 felicitate

176 994 276 1041 Per
300 1008 444 1056 agros
469 992 887 1054 Ojibbawaiarum

178 1071 428 1118 Amoenos
452 1070 561 1116 illos
585 1085 641 1116 ac
666 1077 878 1131 pacatos.

177 1146 388 1197 Defossa
412 1147 571 1195 securi
594 1145 811 1207 cruenta,

176 1222 388 1273 Defossa
410 1225 659 1273 bellatoris
683 1222 839 1284 clava,

178 1302 305 1352 Cum
329 1304 506 1351 ceteris
529 1303 646 1350 belli
671 1304 797 1362 telis,

177 1380 500 1429 obsoleverat
524 1386 697 1428 cantus
722 1381 1019 1441 praeliorum

174 1459 384 1506 Pacatos
408 1452 781 1519 inter'populos.

173 1536 448 1584 Venatores
471 1541 607 1582 metu
632 1536 872 1583 immunes

171 1614 288 1661 Huc
312 1614 430 1661 illuc
453 1613 802 1676 evagabantur.

173 1691 436 1740 Contextis
459 1691 669 1738 betuleis
694 1692 882 1754 cymbis

172 1769 499 1817 Piscabantur
524 1770 576 1815 in
600 1769 710 1816 lacu
735 1770 816 1817 vel
841 1770 893 1816 in
918 1770 1157 1818 amnibus.

176 1847 394 1896 Cervum
418 1843 613 1909 sagitta,
640 1846 832 1893 fibrum
856 1845 1030 1908 pedica

175 1925 454 1987 Captabant
476 1942 487 1970 ε
521 1940 654 1982 mOX,
681 1925 804 1971 viris
828 1926 1130 1984 absentibus,

176 2000 311 2051 Tuta
335 2002 545 2052 feminae
571 2002 702 2049 domi
727 1999 877 2063 opera

172 2081 426 2129 Acernum
450 2080 689 2142 cogebant
713 2080 1012 2139 saccharum,

175 2159 389 2222 Oryzam
416 2174 442 2205 e
466 2159 620 2220 pratis
645 2158 956 2220 colligebant,

172 2237 454 2298 Pelleisque
479 2236 702 2283 cervinas
727 2251 783 2282 ac
808 2235 1027 2282 f1brinas

173 2315 464 2376 Depsebant
486 2314 702 2375 patrium
725 2314 788 2359 ad
810 2329 1011 2361 morem.

168 2392 340 2440 Beatis
364 2391 681 2439 circumcirca
703 2391 828 2438 vicis

175 2469 520 2518 Constiterunt
545 2474 737 2531 segetes
761 2484 825 2515 ex
849 2466 951 2527 zea,

174 2546 279 2594 Ubi
302 2545 478 2592 viridis
502 2545 699 2592 lucebat
724 2545 916 2592 Zeanus

175 2622 354 2671 Cristis
378 2637 598 2669 annuens
623 2622 784 2668 aureis

174 2698 302 2748 Cum
326 2699 505 2761 apricis
529 2699 856 2761 mollibusque
882 2700 1049 2760 cirris‚·

177 2774 336 2839 Copia
357 2782 539 2824 terram
562 2777 776 2839 replens.

1398 154 1454 199 41
