1708 3106
467 209 683 246 CARMEN
717 207 1064 243 HIAWATHAE.

206 343 336 391 Tum
360 341 413 388 in
434 341 618 388 fiumen
642 340 905 387 decurrens
928 336 1238 401 praecipitati

200 419 486 467 Abluebant
507 419 758 481 pigmenta
778 416 970 464 bellica.

210 496 438 559 Superna
461 496 592 543 clara
613 495 796 542 fluebat
818 509 960 555 aqua,

204 575 280 624 Ut
302 574 507 636 limpida
529 574 796 621 emicuerat
820 572 909 618 sub
932 570 1141 633 pedibus

207 652 411 700 Domini
434 652 567 699 vitae
591 649 941 713 degredientis.

200 729 278 776 At
300 727 504 776 inferior
526 727 838 791 nigrescebat
860 726 1007 785 unda,

199 806 432 854 Puniceis
455 805 660 853 maculis
684 803 908 863 discolor,

204 883 358 944 Quasi
379 883 539 930 mixto
563 897 734 930 cruore
759 882 1008 929 distincta.

270 961 354 1008 Ex
377 976 519 1008 amne
543 960 731 1023 egressi
753 959 1027 1018 bellatores,

202 1038 408 1086 Bellicis
433 1038 700 1100 pigmentis
726 1037 897 1095 abluti,

204 1115 384 1166 Clavas
407 1116 606 1163 bellicas
632 1115 969 1177 sepeliverunt

207 1193 334 1242 Cum
358 1194 537 1242 ceteris
561 1193 675 1241 telis
700 1192 790 1239 sub
814 1193 965 1254 ripas.

206 1271 337 1318 Tum
359 1271 582 1318 Daemon
608 1285 864 1332 supremus
887 1269 1100 1333 benigne

204 1348 395 1395 Arrisit
415 1347 531 1395 filiis
555 1347 923 1409 impotentibus.

270 1425 441 1487 Atque
464 1424 538 1471 illi
562 1424 797 1485 obsequio
819 1424 973 1471 tacito

204 1503 419 1550 Erutum
442 1517 507 1550 ex
529 1498 797 1563 lapicidina
820 1515 996 1548 saxum

206 1578 269 1627 In
294 1580 428 1627 leVes
452 1579 588 1641 pacis
612 1579 810 1625 tubulos
835 1578 1212 1641 confingebant3

206 1657 275 1704 Et
298 1672 525 1719 proceras
547 1656 689 1703 fluvii
711 1656 975 1703 arundines

206 1734 504 1784 Clarissimis
528 1734 822 1782 decorabant
845 1734 1020 1796 pennis

205 1812 242 1860 J
244 1811 421 1873 amjam
445 1827 581 1859 suam
604 1812 655 1858 in
679 1812 876 1859 domum
899 1810 1189 1874 profecturi.

205 1889 281 1936 At
303 1889 544 1936 Dominus
569 1890 714 1948 vitae,
743 1890 1014 1938 ascendens

205 1967 305 2014 Per
326 1967 440 2014 fissa
463 1967 737 2013 nimborum
759 1967 930 2014 aulaea

206 2043 271 2091 In
293 2050 487 2107 apertas
511 2044 634 2091 caeli
651 2042 848 2104 januas,

207 2121 403 2169 Horum
426 2121 486 2169 ab
511 2121 665 2169 oculis
690 2121 909 2180 evanuit,

209 2199 366 2249 Fumo
390 2199 642 2248 involutus
666 2198 884 2262 pacifico·
