1650 3048
204 174 266 221 34

665 161 985 214 Hiawatha’s
1007 159 1149 207 Fast.

330 314 456 362 Mox
479 311 724 375 gregatim
746 321 943 356 anseres
968 305 1138 351 niveos

328 390 580 439 Palustria
603 388 792 435 Boreae
816 382 1059 447 petenteis

332 469 459 517 Cum
481 466 716 526 vocisque
740 468 790 510 et
812 462 1000 509 alarum
1024 458 1270 520 clangore.

330 549 359 571 “
385 544 429 595 O
454 542 665 591 Domine
687 541 834 588 Vitae
857 538 868 585 1
888 539 914 559 ’'
949 536 1231 583 dubitanter
1254 531 1429 593 inquit,

332 627 361 648 “
384 622 520 671 Num
543 625 711 667 nostra
733 633 798 665 ex
821 617 900 663 his
925 615 1107 677 pendet
1131 613 1237 660 vita
1260 609 1324 657 ?''

400 699 578 746 Altero
595 695 778 758 jejunii
802 695 880 741 die

331 778 534 825 Praeter
557 775 713 821 amnis
736 772 1008 834 marginem
1031 768 1318 831 vagabatur.

330 855 393 902 In
416 858 559 915 prato
584 851 771 898 inculto
797 863 994 913 oryzam
1018 848 1170 904 videt,

331 932 497 993 Ipsam
521 928 755 976 incultam
779 924 829 974 et
853 941 1025 988 parum
1050 925 1299 985 copiosam
1323 941 1336 978 3

335 1008 401 1055 Et
422 1003 578 1053 multa
601 1005 765 1066 specie
788 1004 961 1051 baccas
985 1002 1225 1064 plurimas

335 1084 564 1148 Myrtilli‚
589 1081 735 1144 fragi‚
760 1096 846 1127 seu
870 1073 1198 1142 grossulariae
1224 1097 1238 1134 3

338 1162 464 1209 Mox
488 1161 642 1207 vitem
667 1157 911 1205 uviferam
935 1156 1138 1218 palmite
1162 1155 1342 1217 pensili

337 1238 513 1286 Alneis
539 1251 685 1298 super
708 1235 855 1282 ramis
880 1233 978 1281 late
1002 1232 1268 1295 profusam,

338 1316 485 1365 Unde
510 1320 559 1361 et
582 1313 765 1376 passim
789 1311 1075 1374 fragrabant
1097 1326 1261 1358 aurae.

341 1396 370 1418 ‘⁶
389 1392 600 1439 Domine
626 1392 741 1438 vitae
760 1389 770 1436 l
789 1390 814 1411 ''
852 1389 1130 1436 diffidenter
1154 1388 1338 1449 inquit;

343 1473 371 1495 “
389 1470 587 1517 Numne
612 1484 676 1516 ex
699 1468 778 1514 his
802 1473 970 1513 nostra
993 1467 1175 1528 pendet
1198 1467 1302 1513 vita
1317 1464 1376 1512 ?’'

408 1547 580 1594 Tertio
597 1545 776 1607 jejunii
802 1545 881 1592 die

350 1624 504 1673 Laeui
528 1624 748 1670 assidens
772 1622 1101 1669 meditabatur

343 1702 380 1749 J
383 1707 506 1748 uxta
528 1716 678 1762 aquas
703 1699 969 1760 tranquille
993 1699 1237 1760 limpidas.

348 1777 584 1840 Squalum
609 1777 939 1824 exsultantem
963 1777 1277 1839 conspicatur

348 1855 531 1905 Guttas
558 1860 870 1917 spargentem
894 1855 1033 1902 velut
1056 1870 1273 1917 gemmas
1296 1855 1561 1909 muriceas3

345 1933 650 1993 Luteamque
674 1947 884 1994 peream,
911 1937 967 1978 ut
983 1931 1133 1993 jubar
1159 1932 1249 1978 sub
1273 1929 1416 1993 aqua,

346 2011 638 2071 Lupumque
662 2016 711 2057 et
734 2010 999 2072 harengam
1024 2016 1074 2056 et
1096 2015 1330 2058 astacum.

349 2089 378 2112 “
393 2086 602 2134 Domine
627 2087 758 2133 vitae
778 2086 825 2133 !''
861 2086 1017 2134 fracto
1042 2088 1206 2149 inquit
1229 2088 1391 2135 animo
1416 2107 1428 2144 ;

349 2167 378 2189 “
393 2164 541 2211 Anne
566 2180 630 2211 ex
653 2164 732 2210 his
757 2165 940 2225 pendet
966 2165 1070 2211 vita
1092 2170 1260 2212 nostra
1275 2164 1334 2212 ?'’

416 2243 602 2302 Quarto
619 2242 800 2304 jejunii
825 2244 904 2290 die

348 2322 647 2369 Debilitatus
665 2320 863 2382 jacebat
887 2322 939 2367 in
963 2319 1144 2380 casula,

351 2399 401 2445 A
427 2400 577 2446 cubili
602 2415 628 2446 e
653 2399 783 2445 foliis
808 2414 865 2445 ac
890 2399 1147 2446 frondibus

350 2476 676 2537 Prospectans
700 2476 947 2538 palpebris
972 2477 1181 2538 torpidis

353 2553 414 2599 In
437 2553 638 2600 confusa
660 2570 715 2601 ac
740 2555 1071 2616 nigrescentia
1093 2556 1268 2613 omnia,

358 2630 567 2679 Somniis
591 2636 641 2678 et
664 2632 909 2694 vertigine
933 2631 1115 2679 referta
1136 2651 1218 2688 3—-

355 2707 414 2753 In
438 2723 586 2768 aquas
609 2709 908 2756 renidenteis
934 2710 1100 2757 subter
1124 2729 1136 2766 3

357 2785 417 2830 In
443 2785 591 2832 solem
615 2786 868 2848 splendide
894 2787 1213 2837 delabentem.
