1650 3048
456 203 672 238 CARMEN
708 201 1040 236 HIAWATHAE
1048 223 1058 234 .

254 334 474 381 Tandem
497 334 648 381 viridi
672 349 729 380 ac
753 348 925 381 croceo
950 332 1132 380 vestitu

187 412 444 472 Quendam
470 412 621 460 sentit
644 411 1002 459 adolescentem

186 490 284 537 Per
307 505 612 552 purpureum
636 488 979 551 crepusculum
1002 486 1268 549 appropin-

386 583 551 629 quare,

185 645 284 692 Per
308 645 595 706 splendores
620 643 815 691 occidui
839 642 972 690 solis.

186 722 364 769 Fronti
388 721 536 783 hujus
560 721 818 768 imminent
841 721 1021 768 cristae
1045 720 1249 776 virideS,

187 799 368 862 Capilli
391 799 669 847 mollissimi
692 814 812 846 auro
836 798 1075 846 relucent.
1187 798 1190 802 ’

187 877 250 923 In
274 884 445 939 aperto
469 878 597 924 ostio
621 884 788 924 astans

188 954 504 1002 Hiawatham
528 955 725 1016 aspexit
749 954 849 1013 diu,

188 1033 402 1080 Marcidi
427 1032 596 1079 vultus
620 1024 857 1079 miserens
881 1049 893 1078 ε

188 1111 330 1170 Mox,
355 1111 570 1158 molliter
595 1116 652 1157 ut
677 1110 867 1158 Auster
892 1111 1138 1172 quondam

188 1189 289 1236 Per
312 1189 541 1235 arborum
564 1189 819 1235 cacumina
843 1188 1071 1249 suspirat,

190 1266 303 1313 Tali
326 1281 464 1325 voce,
492 1268 522 1291 “
541 1265 586 1314 O
611 1266 881 1312 Hiawatha
906 1265 962 1313 !”
998 1265 1174 1327 inquit,

182 1346 220 1377 ‹“
234 1342 320 1390 Ad
344 1343 533 1390 coelum
555 1348 669 1390 tuae
693 1343 985 1405 pertingunt
1007 1358 1192 1405 preces,

191 1420 322 1480 Quia
344 1420 647 1481 neutiquam,
673 1426 729 1466 ut
753 1420 920 1479 ceteri,
947 1435 1072 1479 oras,

190 1498 300 1545 Aut
323 1503 380 1544 ut
403 1500 582 1545 venere
605 1497 818 1559 peritius

190 1575 300 1622 Aut
323 1581 379 1621 ut
403 1575 593 1637 piscere
617 1574 903 1636 prosperius
928 1595 941 1631 3

190 1653 370 1715 Neque
393 1658 451 1699 ut
474 1653 526 1699 in
550 1650 720 1715 pugna
744 1653 991 1711 devincas,

192 1731 261 1777 Et
287 1732 416 1777 inter
439 1730 700 1778 bellatores
724 1730 962 1778 clarescas
981 1750 993 1786 3

195 1807 293 1856 Sed
317 1814 374 1854 ut
397 1808 580 1870 populo
605 1808 766 1869 prosis
790 1812 890 1866 tuo,

189 1885 361 1947 Atque
386 1885 572 1932 omneis
595 1885 801 1946 populos
824 1886 954 1932 bees,

193 1963 244 2010 A
268 1963 482 2009 Domino
505 1962 655 2009 Vitae
681 1963 997 2021 descendens,

193 2040 401 2088 Homini
424 2040 610 2087 amicus
635 2040 844 2099 Zeanus,

192 2118 325 2166 erni
348 2125 398 2165 te
423 2118 779 2176 admoniturus,

195 2195 420 2256 Quonam
442 2196 698 2243 decertans
722 2200 867 2256 pacto

193 2274 389 2336 Rogata
411 2280 467 2320 tu
491 2279 579 2320 tua
602 2274 818 2320 evincas.

193 2351 237 2398 E
263 2351 467 2398 frondeo
491 2351 643 2398 cubili
667 2351 945 2413 insurgens,

193 2429 407 2488 Mecum,
434 2428 479 2477 Ο
504 2429 804 2488 adolescens,
830 2429 1018 2476 luctare
1041 2428 1052 2475 Ξ
1073 2429 1099 2449 ”

260 2507 540 2566 Hiawatha,
569 2505 697 2553 fame
720 2506 998 2569 languidus,

193 2584 238 2632 E
262 2584 466 2631 frondeo
490 2584 644 2631 cubili
668 2599 931 2646 assurgens

194 2663 257 2710 In
280 2662 473 2710 occidui
496 2658 614 2709 solis
638 2663 841 2708 rubores

193 2740 405 2799 Prodiit,
431 2755 542 2787 cum
568 2740 730 2787 Zeano
754 2739 1045 2787 luctaturus,

193 2818 311 2880 Ipso
334 2818 648 2865 recreabatur
672 2822 918 2876 contactu,

724 2909 759 2942 D
784 2896 815 2940 2
