<?xml version="1.0" encoding="UTF-8"?>
<!DOCTYPE html PUBLIC "-//W3C//DTD XHTML 1.0 Transitional//EN"
    "http://www.w3.org/TR/xhtml1/DTD/xhtml1-transitional.dtd">
<html xmlns="http://www.w3.org/1999/xhtml" xml:lang="en" lang="en">
 <head>
  <title>
</title>
<meta http-equiv="Content-Type" content="text/html;charset=utf-8" />
  <meta name='ocr-system' content='tesseract 3.04.00' />
  <meta name='ocr-capabilities' content='ocr_page ocr_carea ocr_par ocr_line ocrx_word'/>
</head>
<body>
  <div class='ocr_page' id='page_1' title='image "./hiawatha00longrich_0055.png"; bbox 0 0 1650 3048; ppageno 0'>
   <div class='ocr_carea' id='block_1_1' title="bbox 411 179 1018 215">
    <p class='ocr_par' dir='ltr' id='par_1_1' title="bbox 411 179 1018 215">
     <span class='ocr_line' id='line_1_1' title="bbox 411 179 1018 215; baseline -0.002 0"><span class='ocrx_word' id='word_1_1' title='bbox 411 180 513 215; x_wconf 82' lang='lat' dir='ltr'><strong>CAR</strong></span> <span class='ocrx_word' id='word_1_2' title='bbox 519 180 631 214; x_wconf 82' lang='grc' dir='ltr'><strong>ΜΕΝ</strong></span> <span class='ocrx_word' id='word_1_3' title='bbox 666 179 998 214; x_wconf 77' lang='lat' dir='ltr'>HIAWATHAE</span> <span class='ocrx_word' id='word_1_4' title='bbox 1007 202 1018 214; x_wconf 83' lang='lat'><strong><em>.</em></strong></span> 
     </span>
    </p>
   </div>
   <div class='ocr_carea' id='block_1_2' title="bbox 138 311 1151 1692">
    <p class='ocr_par' dir='ltr' id='par_1_2' title="bbox 140 311 1151 761">
     <span class='ocr_line' id='line_1_2' title="bbox 147 311 1106 373; baseline 0.002 -16"><span class='ocrx_word' id='word_1_5' title='bbox 147 311 501 358; x_wconf 89' lang='lat' dir='ltr'><strong>Tenerioribus</strong></span> <span class='ocrx_word' id='word_1_6' title='bbox 526 311 848 373; x_wconf 80' lang='lat' dir='ltr'><strong>eloquebatur</strong></span> <span class='ocrx_word' id='word_1_7' title='bbox 871 313 1106 359; x_wconf 89' lang='lat' dir='ltr'><strong>numeris.</strong></span> 
     </span>
     <span class='ocr_line' id='line_1_3' title="bbox 145 387 1151 451; baseline 0.002 -16"><span class='ocrx_word' id='word_1_8' title='bbox 145 387 342 450; x_wconf 80' lang='lat' dir='ltr'>Quippe</span> <span class='ocrx_word' id='word_1_9' title='bbox 366 390 572 435; x_wconf 81' lang='lat' dir='ltr'>canebat</span> <span class='ocrx_word' id='word_1_10' title='bbox 596 390 656 436; x_wconf 89' lang='lat' dir='ltr'><strong>de</strong></span> <span class='ocrx_word' id='word_1_11' title='bbox 680 404 800 451; x_wconf 90' lang='lat' dir='ltr'><strong>pace</strong></span> <span class='ocrx_word' id='word_1_12' title='bbox 826 405 882 437; x_wconf 87' lang='lat' dir='ltr'><strong>ac</strong></span> <span class='ocrx_word' id='word_1_13' title='bbox 907 390 1151 448; x_wconf 88' lang='lat' dir='ltr'><strong>libertate,</strong></span> 
     </span>
     <span class='ocr_line' id='line_1_4' title="bbox 143 467 1086 528; baseline 0.003 -16"><span class='ocrx_word' id='word_1_14' title='bbox 143 467 220 513; x_wconf 91' lang='lat' dir='ltr'><strong>De</strong></span> <span class='ocrx_word' id='word_1_15' title='bbox 238 472 512 525; x_wconf 86' lang='lat' dir='ltr'><strong>venustate,</strong></span> <span class='ocrx_word' id='word_1_16' title='bbox 541 468 866 528; x_wconf 80' lang='lat' dir='ltr'>suspiriisque</span> <span class='ocrx_word' id='word_1_17' title='bbox 891 469 1086 528; x_wconf 86' lang='lat' dir='ltr'><strong>amoris,</strong></span> 
     </span>
     <span class='ocr_line' id='line_1_5' title="bbox 141 542 1008 605; baseline 0.002 -15"><span class='ocrx_word' id='word_1_18' title='bbox 141 543 219 590; x_wconf 91' lang='lat' dir='ltr'><strong>De</strong></span> <span class='ocrx_word' id='word_1_19' title='bbox 242 550 413 602; x_wconf 90' lang='lat' dir='ltr'><strong>morte,</strong></span> <span class='ocrx_word' id='word_1_20' title='bbox 441 544 598 605; x_wconf 91' lang='lat' dir='ltr'><strong>deque</strong></span> <span class='ocrx_word' id='word_1_21' title='bbox 622 542 730 592; x_wconf 74' lang='lat' dir='ltr'><strong>vita</strong></span> <span class='ocrx_word' id='word_1_22' title='bbox 754 545 806 591; x_wconf 91' lang='lat' dir='ltr'><strong>in</strong></span> <span class='ocrx_word' id='word_1_23' title='bbox 830 545 1008 592; x_wconf 88' lang='lat' dir='ltr'><strong>insulis</strong></span> 
     </span>
     <span class='ocr_line' id='line_1_6' title="bbox 140 621 836 681; baseline 0.004 -15"><span class='ocrx_word' id='word_1_24' title='bbox 140 621 249 667; x_wconf 89' lang='lat' dir='ltr'><strong>Illis</strong></span> <span class='ocrx_word' id='word_1_25' title='bbox 274 622 533 668; x_wconf 88' lang='lat' dir='ltr'><strong>beatorum</strong></span> <span class='ocrx_word' id='word_1_26' title='bbox 558 623 836 681; x_wconf 85' lang='lat' dir='ltr'><strong>immortali,</strong></span> 
     </span>
     <span class='ocr_line' id='line_1_7' title="bbox 141 696 770 761; baseline 0.006 -18"><span class='ocrx_word' id='word_1_27' title='bbox 141 698 204 744; x_wconf 93' lang='lat' dir='ltr'><strong>In</strong></span> <span class='ocrx_word' id='word_1_28' title='bbox 228 698 392 761; x_wconf 80' lang='lat' dir='ltr'>Regni</span> <span class='ocrx_word' id='word_1_29' title='bbox 417 696 550 746; x_wconf 68' lang='lat' dir='ltr'><strong>terra</strong></span> <span class='ocrx_word' id='word_1_30' title='bbox 574 699 770 747; x_wconf 83' lang='lat' dir='ltr'><strong>Futuri.</strong></span> 
     </span>
    </p>

    <p class='ocr_par' dir='ltr' id='par_1_3' title="bbox 138 775 1086 1692">
     <span class='ocr_line' id='line_1_8' title="bbox 205 775 972 825; baseline 0 -1"><span class='ocrx_word' id='word_1_31' title='bbox 205 775 501 824; x_wconf 76' lang='lat' dir='ltr'><strong>CarIssimus</strong></span> <span class='ocrx_word' id='word_1_32' title='bbox 527 792 645 823; x_wconf 92' lang='lat' dir='ltr'><strong>sane</strong></span> <span class='ocrx_word' id='word_1_33' title='bbox 669 777 972 825; x_wconf 85' lang='lat' dir='ltr'><strong>Hiawathae</strong></span> 
     </span>
     <span class='ocr_line' id='line_1_9' title="bbox 144 853 841 914; baseline 0.003 -15"><span class='ocrx_word' id='word_1_34' title='bbox 144 853 266 900; x_wconf 83' lang='lat' dir='ltr'><strong>Fuit</strong></span> <span class='ocrx_word' id='word_1_35' title='bbox 290 854 373 900; x_wconf 92' lang='lat' dir='ltr'><strong>ille</strong></span> <span class='ocrx_word' id='word_1_36' title='bbox 398 854 524 901; x_wconf 89' lang='lat' dir='ltr'><strong>lenis</strong></span> <span class='ocrx_word' id='word_1_37' title='bbox 551 854 841 914; x_wconf 88' lang='lat' dir='ltr'><strong>Chibiabus,</strong></span> 
     </span>
     <span class='ocr_line' id='line_1_10' title="bbox 143 929 985 993; baseline 0.001 -15"><span class='ocrx_word' id='word_1_38' title='bbox 143 929 376 978; x_wconf 90' lang='lat' dir='ltr'><strong>Omnium</strong></span> <span class='ocrx_word' id='word_1_39' title='bbox 400 932 731 993; x_wconf 91' lang='lat' dir='ltr'><strong>peritissimus</strong></span> <span class='ocrx_word' id='word_1_40' title='bbox 756 933 985 992; x_wconf 85' lang='lat' dir='ltr'><strong>musicae,</strong></span> 
     </span>
     <span class='ocr_line' id='line_1_11' title="bbox 147 1007 961 1058; baseline 0.002 -2"><span class='ocrx_word' id='word_1_41' title='bbox 147 1007 381 1056; x_wconf 87' lang='lat' dir='ltr'><strong>Omnium</strong></span> <span class='ocrx_word' id='word_1_42' title='bbox 406 1015 604 1056; x_wconf 88' lang='lat' dir='ltr'><strong>cantare</strong></span> <span class='ocrx_word' id='word_1_43' title='bbox 630 1010 961 1058; x_wconf 91' lang='lat' dir='ltr'><strong>dulcissimus.</strong></span> 
     </span>
     <span class='ocr_line' id='line_1_12' title="bbox 140 1086 1056 1151; baseline 0.003 -19"><span class='ocrx_word' id='word_1_44' title='bbox 140 1086 291 1134; x_wconf 91' lang='lat' dir='ltr'><strong>Hunc</strong></span> <span class='ocrx_word' id='word_1_45' title='bbox 315 1095 516 1149; x_wconf 89' lang='lat' dir='ltr'><strong>propter</strong></span> <span class='ocrx_word' id='word_1_46' title='bbox 540 1088 793 1134; x_wconf 90' lang='lat' dir='ltr'><strong>lenitatem</strong></span> <span class='ocrx_word' id='word_1_47' title='bbox 819 1088 1056 1151; x_wconf 84' lang='lat' dir='ltr'><strong>diligebat</strong></span> 
     </span>
     <span class='ocr_line' id='line_1_13' title="bbox 138 1157 982 1225; baseline 0.002 -15"><span class='ocrx_word' id='word_1_48' title='bbox 138 1164 206 1210; x_wconf 77' lang='lat' dir='ltr'><strong>Et</strong></span> <span class='ocrx_word' id='word_1_49' title='bbox 229 1157 431 1225; x_wconf 87' lang='lat' dir='ltr'><strong>propter</strong></span> <span class='ocrx_word' id='word_1_50' title='bbox 456 1180 651 1211; x_wconf 86' lang='lat' dir='ltr'><strong>carmen</strong></span> <span class='ocrx_word' id='word_1_51' title='bbox 676 1164 982 1213; x_wconf 86' lang='lat' dir='ltr'><strong>effascinans.</strong></span> 
     </span>
     <span class='ocr_line' id='line_1_14' title="bbox 138 1241 971 1291; baseline 0.005 -4"><span class='ocrx_word' id='word_1_52' title='bbox 138 1241 214 1287; x_wconf 91' lang='lat' dir='ltr'><strong>At</strong></span> <span class='ocrx_word' id='word_1_53' title='bbox 237 1257 380 1288; x_wconf 90' lang='lat' dir='ltr'><strong>carus</strong></span> <span class='ocrx_word' id='word_1_54' title='bbox 405 1241 501 1288; x_wconf 89' lang='lat' dir='ltr'><strong>fuit</strong></span> <span class='ocrx_word' id='word_1_55' title='bbox 527 1244 648 1289; x_wconf 88' lang='lat' dir='ltr'><strong>item</strong></span> <span class='ocrx_word' id='word_1_56' title='bbox 673 1244 971 1291; x_wconf 85' lang='lat' dir='ltr'><strong>Hiawathae</strong></span> 
     </span>
     <span class='ocr_line' id='line_1_15' title="bbox 142 1319 1086 1381; baseline 0.004 -16"><span class='ocrx_word' id='word_1_57' title='bbox 142 1319 431 1366; x_wconf 84' lang='lat' dir='ltr'><strong>Mortalium</strong></span> <span class='ocrx_word' id='word_1_58' title='bbox 455 1320 792 1368; x_wconf 82' lang='lat' dir='ltr'><strong>validissimus</strong></span> <span class='ocrx_word' id='word_1_59' title='bbox 819 1320 1086 1381; x_wconf 80' lang='lat' dir='ltr'><strong>Quasinda‚</strong></span> 
     </span>
     <span class='ocr_line' id='line_1_16' title="bbox 142 1396 1019 1459; baseline -0.002 -16"><span class='ocrx_word' id='word_1_60' title='bbox 142 1396 211 1443; x_wconf 88' lang='lat' dir='ltr'><strong>Vi</strong></span> <span class='ocrx_word' id='word_1_61' title='bbox 235 1398 455 1458; x_wconf 89' lang='lat' dir='ltr'><strong>corporis</strong></span> <span class='ocrx_word' id='word_1_62' title='bbox 479 1398 627 1459; x_wconf 88' lang='lat' dir='ltr'><strong>longe</strong></span> <span class='ocrx_word' id='word_1_63' title='bbox 652 1405 931 1445; x_wconf 87' lang='lat' dir='ltr'><strong>cet-erorum</strong></span> <span class='ocrx_word' id='word_1_64' title='bbox 1016 1439 1019 1441; x_wconf 72' lang='grc'><strong>,</strong></span> 
     </span>
     <span class='ocr_line' id='line_1_17' title="bbox 141 1474 935 1536; baseline 0.004 -16"><span class='ocrx_word' id='word_1_65' title='bbox 141 1474 309 1521; x_wconf 85' lang='lat' dir='ltr'><strong>Vireis</strong></span> <span class='ocrx_word' id='word_1_66' title='bbox 333 1475 586 1521; x_wconf 89' lang='lat' dir='ltr'><strong>hominum</strong></span> <span class='ocrx_word' id='word_1_67' title='bbox 610 1490 935 1536; x_wconf 83' lang='lat' dir='ltr'><strong>exsuperans.</strong></span> 
     </span>
     <span class='ocr_line' id='line_1_18' title="bbox 142 1551 993 1616; baseline 0.004 -18"><span class='ocrx_word' id='word_1_68' title='bbox 142 1551 294 1599; x_wconf 90' lang='lat' dir='ltr'><strong>Hunc</strong></span> <span class='ocrx_word' id='word_1_69' title='bbox 319 1553 450 1613; x_wconf 86' lang='lat' dir='ltr'><strong>ipsas</strong></span> <span class='ocrx_word' id='word_1_70' title='bbox 476 1553 537 1598; x_wconf 94' lang='lat' dir='ltr'><strong>ob</strong></span> <span class='ocrx_word' id='word_1_71' title='bbox 563 1553 714 1599; x_wconf 90' lang='lat' dir='ltr'><strong>vireis</strong></span> <span class='ocrx_word' id='word_1_72' title='bbox 739 1554 993 1616; x_wconf 86' lang='lat' dir='ltr'><strong>diligebat,</strong></span> 
     </span>
     <span class='ocr_line' id='line_1_19' title="bbox 145 1628 1023 1692; baseline 0.003 -16"><span class='ocrx_word' id='word_1_73' title='bbox 145 1628 341 1692; x_wconf 87' lang='lat' dir='ltr'><strong>Quippe</strong></span> <span class='ocrx_word' id='word_1_74' title='bbox 365 1645 527 1677; x_wconf 90' lang='lat' dir='ltr'><strong>merae</strong></span> <span class='ocrx_word' id='word_1_75' title='bbox 550 1631 762 1677; x_wconf 90' lang='lat' dir='ltr'><strong>bonitati</strong></span> <span class='ocrx_word' id='word_1_76' title='bbox 785 1632 1023 1679; x_wconf 88' lang='lat' dir='ltr'><strong>addictas.</strong></span> 
     </span>
    </p>
   </div>
   <div class='ocr_carea' id='block_1_3' title="bbox 146 1706 1188 1770">
    <p class='ocr_par' dir='ltr' id='par_1_4' title="bbox 146 1706 1188 1770">
     <span class='ocr_line' id='line_1_20' title="bbox 146 1706 1188 1770; baseline 0.004 -16"><span class='ocrx_word' id='word_1_77' title='bbox 146 1706 244 1766; x_wconf 80' lang='lat' dir='ltr'><strong>Qui</strong></span> <span class='ocrx_word' id='word_1_78' title='bbox 268 1708 468 1769; x_wconf 88' lang='lat' dir='ltr'><strong>quidem</strong></span> <span class='ocrx_word' id='word_1_79' title='bbox 491 1709 692 1756; x_wconf 88' lang='lat' dir='ltr'><strong>arbores</strong></span> <span class='ocrx_word' id='word_1_80' title='bbox 716 1711 945 1770; x_wconf 90' lang='lat' dir='ltr'><strong>portabat</strong></span> <span class='ocrx_word' id='word_1_81' title='bbox 967 1710 1188 1770; x_wconf 90' lang='lat' dir='ltr'><strong>humero,</strong></span> 
     </span>
    </p>
   </div>
   <div class='ocr_carea' id='block_1_4' title="bbox 147 1784 1131 1849">
    <p class='ocr_par' dir='ltr' id='par_1_5' title="bbox 147 1784 1131 1849">
     <span class='ocr_line' id='line_1_21' title="bbox 147 1784 1131 1849; baseline 0.003 -16"><span class='ocrx_word' id='word_1_82' title='bbox 147 1784 333 1833; x_wconf 86' lang='lat' dir='ltr'><strong>Cedros</strong></span> <span class='ocrx_word' id='word_1_83' title='bbox 357 1791 589 1847; x_wconf 86' lang='lat' dir='ltr'><strong>tanquam</strong></span> <span class='ocrx_word' id='word_1_84' title='bbox 614 1786 808 1834; x_wconf 88' lang='lat' dir='ltr'><strong>lanceas</strong></span> <span class='ocrx_word' id='word_1_85' title='bbox 833 1787 1100 1849; x_wconf 89' lang='lat' dir='ltr'><strong>projiciens</strong></span> <span class='ocrx_word' id='word_1_86' title='bbox 1120 1807 1131 1836; x_wconf 72' lang='grc' dir='ltr'><strong>ε</strong></span> 
     </span>
    </p>
   </div>
   <div class='ocr_carea' id='block_1_5' title="bbox 145 1862 1192 1928">
    <p class='ocr_par' dir='ltr' id='par_1_6' title="bbox 145 1862 1192 1928">
     <span class='ocr_line' id='line_1_22' title="bbox 145 1862 1192 1928; baseline 0.005 -19"><span class='ocrx_word' id='word_1_87' title='bbox 145 1862 292 1909; x_wconf 84' lang='lat' dir='ltr'><strong>Retia</strong></span> <span class='ocrx_word' id='word_1_88' title='bbox 316 1864 504 1925; x_wconf 87' lang='lat' dir='ltr'><strong>digitis,</strong></span> <span class='ocrx_word' id='word_1_89' title='bbox 530 1870 586 1910; x_wconf 94' lang='lat' dir='ltr'><strong>ut</strong></span> <span class='ocrx_word' id='word_1_90' title='bbox 610 1870 891 1923; x_wconf 83' lang='lat' dir='ltr'><strong>stramenta,</strong></span> <span class='ocrx_word' id='word_1_91' title='bbox 920 1867 1192 1928; x_wconf 83' lang='lat' dir='ltr'><strong>rumpebat,</strong></span> 
     </span>
    </p>
   </div>
   <div class='ocr_carea' id='block_1_6' title="bbox 142 1940 1168 2783">
    <p class='ocr_par' dir='ltr' id='par_1_7' title="bbox 143 1940 1168 2301">
     <span class='ocr_line' id='line_1_23' title="bbox 144 1940 980 2002; baseline 0.005 -16"><span class='ocrx_word' id='word_1_92' title='bbox 144 1940 212 1986; x_wconf 88' lang='lat' dir='ltr'><strong>Et</strong></span> <span class='ocrx_word' id='word_1_93' title='bbox 237 1941 461 2002; x_wconf 92' lang='lat' dir='ltr'><strong>scopulos</strong></span> <span class='ocrx_word' id='word_1_94' title='bbox 486 1941 690 1987; x_wconf 87' lang='lat' dir='ltr'><strong>eruebat</strong></span> <span class='ocrx_word' id='word_1_95' title='bbox 714 1957 740 1987; x_wconf 91' lang='lat' dir='ltr'><strong>e</strong></span> <span class='ocrx_word' id='word_1_96' title='bbox 766 1943 980 1990; x_wconf 90' lang='lat' dir='ltr'><strong>sedibus.</strong></span> 
     </span>
     <span class='ocr_line' id='line_1_24' title="bbox 143 2018 1113 2083; baseline 0.003 -19"><span class='ocrx_word' id='word_1_97' title='bbox 143 2018 205 2064; x_wconf 91' lang='lat' dir='ltr'><strong>In</strong></span> <span class='ocrx_word' id='word_1_98' title='bbox 231 2018 441 2065; x_wconf 91' lang='lat' dir='ltr'><strong>decursu</strong></span> <span class='ocrx_word' id='word_1_99' title='bbox 465 2019 623 2064; x_wconf 91' lang='lat' dir='ltr'><strong>amnis</strong></span> <span class='ocrx_word' id='word_1_100' title='bbox 648 2019 821 2079; x_wconf 91' lang='lat' dir='ltr'><strong>rapido</strong></span> <span class='ocrx_word' id='word_1_101' title='bbox 845 2020 1113 2083; x_wconf 88' lang='lat' dir='ltr'><strong>Pautingis</strong></span> 
     </span>
     <span class='ocr_line' id='line_1_25' title="bbox 145 2095 1168 2159; baseline 0.006 -18"><span class='ocrx_word' id='word_1_102' title='bbox 145 2095 411 2142; x_wconf 88' lang='lat' dir='ltr'><strong>Fibrorum</strong></span> <span class='ocrx_word' id='word_1_103' title='bbox 436 2096 627 2158; x_wconf 86' lang='lat' dir='ltr'><strong>Regem</strong></span> <span class='ocrx_word' id='word_1_104' title='bbox 650 2102 706 2142; x_wconf 90' lang='lat' dir='ltr'><strong>ut</strong></span> <span class='ocrx_word' id='word_1_105' title='bbox 730 2097 859 2142; x_wconf 87' lang='lat' dir='ltr'><strong>vidit</strong></span> <span class='ocrx_word' id='word_1_106' title='bbox 883 2097 1168 2159; x_wconf 89' lang='lat' dir='ltr'><strong>luctantem,</strong></span> 
     </span>
     <span class='ocr_line' id='line_1_26' title="bbox 144 2172 1016 2237; baseline 0.005 -18"><span class='ocrx_word' id='word_1_107' title='bbox 144 2172 278 2219; x_wconf 91' lang='lat' dir='ltr'><strong>Imos</strong></span> <span class='ocrx_word' id='word_1_108' title='bbox 304 2173 356 2219; x_wconf 89' lang='lat' dir='ltr'><strong>in</strong></span> <span class='ocrx_word' id='word_1_109' title='bbox 379 2175 605 2236; x_wconf 86' lang='lat' dir='ltr'><strong>gurgites</strong></span> <span class='ocrx_word' id='word_1_110' title='bbox 629 2174 883 2221; x_wconf 88' lang='lat' dir='ltr'><strong>demersus</strong></span> <span class='ocrx_word' id='word_1_111' title='bbox 908 2176 1016 2237; x_wconf 91' lang='lat' dir='ltr'><strong>ipse</strong></span> 
     </span>
     <span class='ocr_line' id='line_1_27' title="bbox 146 2250 1050 2301; baseline 0.004 -5"><span class='ocrx_word' id='word_1_112' title='bbox 146 2250 354 2297; x_wconf 87' lang='lat' dir='ltr'><strong>Fibrum</strong></span> <span class='ocrx_word' id='word_1_113' title='bbox 377 2251 551 2297; x_wconf 89' lang='lat' dir='ltr'><strong>retulit</strong></span> <span class='ocrx_word' id='word_1_114' title='bbox 574 2251 720 2297; x_wconf 91' lang='lat' dir='ltr'><strong>undis</strong></span> <span class='ocrx_word' id='word_1_115' title='bbox 745 2251 1050 2301; x_wconf 85' lang='lat' dir='ltr'><strong>suffocatum.</strong></span> 
     </span>
    </p>

    <p class='ocr_par' dir='ltr' id='par_1_8' title="bbox 142 2328 1032 2783">
     <span class='ocr_line' id='line_1_28' title="bbox 182 2328 865 2389; baseline 0.003 -15"><span class='ocrx_word' id='word_1_116' title='bbox 182 2356 184 2359; x_wconf 83' lang='lat'><em>.</em></span> <span class='ocrx_word' id='word_1_117' title='bbox 213 2328 336 2376; x_wconf 86' lang='lat' dir='ltr'><strong>Tale</strong></span> <span class='ocrx_word' id='word_1_118' title='bbox 362 2328 474 2388; x_wconf 83' lang='lat' dir='ltr'><strong>fuit,</strong></span> <span class='ocrx_word' id='word_1_119' title='bbox 499 2334 555 2375; x_wconf 90' lang='lat' dir='ltr'><strong>ut</strong></span> <span class='ocrx_word' id='word_1_120' title='bbox 578 2330 865 2389; x_wconf 88' lang='lat' dir='ltr'><strong>memoravi,</strong></span> 
     </span>
     <span class='ocr_line' id='line_1_29' title="bbox 142 2404 873 2455; baseline 0.004 -3"><span class='ocrx_word' id='word_1_121' title='bbox 142 2404 242 2452; x_wconf 88' lang='lat' dir='ltr'><strong>Par</strong></span> <span class='ocrx_word' id='word_1_122' title='bbox 266 2407 535 2453; x_wconf 89' lang='lat' dir='ltr'><strong>amicorum</strong></span> <span class='ocrx_word' id='word_1_123' title='bbox 559 2407 873 2455; x_wconf 87' lang='lat' dir='ltr'><strong>Hiawathae.</strong></span> 
     </span>
     <span class='ocr_line' id='line_1_30' title="bbox 143 2483 807 2547; baseline 0.003 -18"><span class='ocrx_word' id='word_1_124' title='bbox 143 2483 246 2530; x_wconf 93' lang='lat' dir='ltr'><strong>Diu</strong></span> <span class='ocrx_word' id='word_1_125' title='bbox 270 2485 536 2531; x_wconf 85' lang='lat' dir='ltr'><strong>concordes</strong></span> <span class='ocrx_word' id='word_1_126' title='bbox 562 2485 807 2547; x_wconf 87' lang='lat' dir='ltr'><strong>degerunt</strong></span> 
     </span>
     <span class='ocr_line' id='line_1_31' title="bbox 146 2560 873 2624; baseline 0.001 -15"><span class='ocrx_word' id='word_1_127' title='bbox 146 2560 305 2609; x_wconf 86' lang='lat' dir='ltr'><strong>Corde</strong></span> <span class='ocrx_word' id='word_1_128' title='bbox 328 2568 497 2624; x_wconf 86' lang='lat' dir='ltr'><strong>aperto</strong></span> <span class='ocrx_word' id='word_1_129' title='bbox 522 2563 873 2623; x_wconf 91' lang='lat' dir='ltr'><strong>colloquentes,</strong></span> 
     </span>
     <span class='ocr_line' id='line_1_32' title="bbox 144 2638 1019 2704; baseline 0.005 -20"><span class='ocrx_word' id='word_1_130' title='bbox 144 2638 280 2685; x_wconf 92' lang='lat' dir='ltr'><strong>Dum</strong></span> <span class='ocrx_word' id='word_1_131' title='bbox 303 2639 432 2687; x_wconf 91' lang='lat' dir='ltr'><strong>inter</strong></span> <span class='ocrx_word' id='word_1_132' title='bbox 457 2656 510 2687; x_wconf 90' lang='lat' dir='ltr'><strong>se</strong></span> <span class='ocrx_word' id='word_1_133' title='bbox 534 2640 689 2686; x_wconf 91' lang='lat' dir='ltr'><strong>multa</strong></span> <span class='ocrx_word' id='word_1_134' title='bbox 713 2641 1019 2704; x_wconf 87' lang='lat' dir='ltr'><strong>excogitant,</strong></span> 
     </span>
     <span class='ocr_line' id='line_1_33' title="bbox 145 2716 1032 2783; baseline 0.005 -19"><span class='ocrx_word' id='word_1_135' title='bbox 145 2716 221 2764; x_wconf 88' lang='lat' dir='ltr'><strong>Ut</strong></span> <span class='ocrx_word' id='word_1_136' title='bbox 243 2717 480 2765; x_wconf 90' lang='lat' dir='ltr'><strong>humanas</strong></span> <span class='ocrx_word' id='word_1_137' title='bbox 504 2724 800 2780; x_wconf 88' lang='lat' dir='ltr'><strong>prosperent</strong></span> <span class='ocrx_word' id='word_1_138' title='bbox 823 2720 1032 2783; x_wconf 84' lang='lat' dir='ltr'><strong>genteis.</strong></span> 
     </span>
    </p>
   </div>
   <div class='ocr_carea' id='block_1_7' title="bbox 1355 169 1421 214">
    <p class='ocr_par' dir='ltr' id='par_1_9' title="bbox 1355 169 1421 214">
     <span class='ocr_line' id='line_1_34' title="bbox 1355 169 1421 214; baseline 0 0"><span class='ocrx_word' id='word_1_139' title='bbox 1355 169 1421 214; x_wconf 89' lang='lat'><strong>45</strong></span> 
     </span>
    </p>
   </div>
  </div>
 </body>
</html>
