1650 3048
459 183 678 218 GARMEN
711 183 1059 219 HIAWATHAE.

193 313 352 360 Tactu
377 313 568 361 telluris
592 329 928 373 concrescens,

194 390 292 439 Sed
316 391 368 437 in
391 399 664 439 commeatu
688 392 843 439 aciem
866 392 1123 456 effugiens.

259 467 360 516 Ter
383 468 474 515 sub
496 469 731 517 rutilante
756 471 954 532 vesperi

189 545 302 593 Illic
326 546 668 605 colluctantur,

189 623 323 670 Dum
345 630 492 671 ruant
515 623 702 671 circum
725 624 956 671 tenebrae

189 700 360 763 Atque
382 702 529 748 ardea
550 702 852 763 palustribus
875 717 942 749 ex
965 702 1169 750 latebris

190 779 268 826 De
293 778 420 826 fame
443 786 678 840 queratur
701 780 915 826 stridens
937 797 950 826 ε

190 856 253 904 Id
276 857 556 905 auscultans
582 857 776 904 Zeanus
801 858 1038 905 substitit.

188 934 435 982 Procerus
459 937 666 996 apparet
690 933 1031 997 formosusque

185 1011 249 1059 In
273 1012 423 1059 viridi
442 1027 529 1058 suo
548 1027 604 1058 ac
629 1027 800 1059 croceo
824 1014 1025 1070 vestitu,

192 1089 382 1139 Sudore
404 1105 470 1137 ex
495 1089 580 1136 illo
603 1091 871 1138 certamine

190 1168 449 1230 Tanquam
471 1168 596 1214 roris
620 1169 776 1230 guttis
802 1167 1044 1229 perfusus,

188 1246 324 1293 Dum
347 1246 523 1293 cristae
547 1246 645 1292 huc
664 1246 782 1292 illuc
804 1252 1060 1307 quassatae

187 1323 453 1371 Anhelitui
478 1323 635 1384 ipsius
657 1324 953 1371 annuebant.

257 1400 388 1447 Tum
412 1399 544 1446 fatur
565 1417 578 1446 :
616 1402 646 1424 “
661 1399 706 1448 Ο
731 1400 1029 1448 Hiawatha!

189 1478 409 1526 Fortiter
432 1492 625 1525 mecum
648 1478 867 1537 certasti,

188 1556 400 1618 Triplici
423 1556 712 1603 colluctatus
736 1556 1033 1608 discrimine.

190 1634 307 1681 Tibi
330 1649 450 1696 ergo
472 1634 777 1695 triumphum
801 1634 936 1680 dabit

189 1711 433 1759 Dominus
457 1710 620 1769 Vitae,
645 1711 731 1772 qui
756 1727 844 1757 nos
870 1712 1138 1761 intuetur.'’

189 1788 350 1850 Super
373 1789 467 1847 his,
496 1791 525 1813 “
542 1787 709 1847 Cras,'’
736 1789 897 1850 inquit
921 1792 1158 1851 arridenS,

191 1867 457 1915 “Ultimus
480 1866 576 1913 erit
600 1867 880 1913 certaminis
901 1868 1007 1916 dies

193 1944 262 1992 Et
285 1945 489 1991 ultimus
513 1944 604 1990 tibi
621 1942 819 2004 jejunii.

190 2021 277 2069 Me
296 2027 554 2083 postquam
576 2026 631 2066 tu
656 2021 915 2081 deviceris,

193 2098 443 2146 Effossum
466 2098 628 2145 cubile
653 2104 839 2159 parato,

194 2177 299 2225 Ubi
323 2176 523 2237 pluviae
547 2175 758 2237 desuper
784 2177 1032 2239 ingruant,

192 2254 297 2303 Ubi
321 2253 410 2300 sub
435 2253 551 2300 soris
576 2254 719 2300 vultu
737 2260 1001 2315 tepescam.

191 2332 343 2379 Hunc
365 2337 421 2378 tu
444 2331 680 2378 vestitum
702 2332 912 2378 viridem
935 2348 1177 2394 croceum,

193 2408 384 2458 Cristas
407 2408 496 2455 has
515 2410 816 2468 trementeis,
842 2410 1115 2471 despoliato
1141 2429 1153 2459 z

192 2486 417 2533 Humum
438 2486 576 2545 mihi,
603 2486 796 2533 defosso
821 2487 1006 2546 subter,

199 2563 419 2622 Mollem,
445 2564 623 2622 laxam,
651 2563 811 2611 levem
836 2563 1002 2612 facito.

193 2642 534 2689 Dormientem
557 2657 619 2689 ne
642 2642 816 2688 manus
841 2642 1073 2702 hominis,

196 2719 278 2766 Ne
302 2720 499 2778 vermis,
526 2735 651 2766 neve
677 2735 872 2776 corvus,
896 2736 974 2768 me
998 2728 1168 2782 vexet,

196 2796 339 2844 Neve
363 2797 541 2844 noxiae
563 2797 744 2844 herbae
769 2798 1093 2860 strangulent.

1401 171 1465 222 37
