1650 3048
217 168 276 213 14

663 158 768 207 The
792 155 963 204 North
1000 153 1161 203 Wind.

347 305 608 368 Apparent
630 302 728 350 una
751 299 1029 348 incedentes

347 383 624 430 Matutinus
647 395 702 427 ac
729 377 881 428 Stella
904 375 1164 423 Matutina.

755 595 833 661 (3)
857 594 1064 660 Aquilo.

414 761 488 809 At
510 775 626 808 vero
648 764 789 806 atrox
810 756 893 803 ille
915 755 1151 802 Aretieus

347 839 488 886 Inter
511 836 679 884 moleis
703 834 954 898 glacialeis
977 831 1244 888 habitabat,

346 916 484 963 Inter
506 914 662 961 niveis
686 918 831 960 vento
855 914 1162 959 coacervatas

346 992 600 1048 Aeternas,
625 990 709 1036 ubi
733 988 963 1036 candidos
987 1001 1130 1049 agros

348 1068 592 1117 Candidus
616 1066 803 1113 obtinet
827 1063 1114 1113 Cuniculu5.
1160 1054 1163 1056 ’

346 1145 439 1192 Ille
462 1142 782 1191 Auetumnali
805 1157 949 1188 manu

346 1221 485 1269 Folia
507 1220 707 1267 arborea
731 1218 961 1281 pingebat
984 1232 1144 1275 cocco,

347 1298 519 1345 Russis
544 1296 850 1358 distinguens
874 1310 930 1342 ae
954 1295 1102 1341 luteis
1125 1293 1344 1341 maculis.

348 1374 441 1422 Ille
464 1389 549 1436 per
574 1373 747 1420 silvam
770 1372 977 1419 nivaleis
1001 1371 1192 1430 floccos,

351 1450 523 1500 Cribro
547 1466 633 1497 suo
657 1451 897 1508 deoussos,
925 1449 1195 1496 sibilanteis
1217 1448 1457 1495 mittebat.

352 1527 561 1577 Gelabat
585 1533 769 1588 stagna,
795 1527 943 1585 laesis,
970 1526 1152 1573 amneis
1175 1545 1187 1581 ;

347 1603 595 1667 Abigebat
618 1605 669 1650 in
691 1603 945 1650 Australia
968 1619 1191 1666 mergum
1213 1618 1269 1650 ae
1293 1603 1505 1665 gaviam.

350 1680 565 1730 Corvum
589 1681 671 1728 ille
694 1680 936 1727 marinum
960 1681 1249 1742 ardeamque
1276 1681 1338 1728 ad
1361 1679 1502 1726 nidos

344 1757 389 1804 E
414 1758 571 1805 carice
594 1764 739 1819 atque
762 1755 876 1820 alga
899 1764 1201 1806 constructos

343 1833 404 1880 In
428 1834 625 1882 Aestivi
648 1850 799 1896 regna
822 1835 1113 1896 depellebat.

412 1910 665 1970 Quondam
689 1918 832 1958 atrox
857 1912 938 1959 ille
961 1911 1209 1972 Amicus,

344 1987 389 2034 E
416 1988 695 2035 deversorio
719 1988 916 2035 nivibus
941 1996 1174 2051 congesto

344 2062 525 2125 (Domo
549 2065 703 2126 ipsius
728 2065 947 2130 glaciali)
974 2082 1218 2128 egressus,

346 2138 537 2189 Crineis
563 2157 674 2189 suos
699 2140 879 2203 pruina
903 2159 1191 2204 conspersos

345 2216 463 2264 Atri
488 2220 716 2266 torrentis
741 2220 938 2267 hiberni
964 2221 1119 2268 instar

343 2294 420 2341 De
443 2296 715 2344 cervicibus
740 2298 981 2358 promisit,

344 2369 476 2417 Dum
499 2372 691 2420 ululans
715 2374 903 2436 ingruit
927 2376 979 2421 in
1002 2374 1248 2424 Austrina

349 2444 546 2495 Gelatos
570 2465 714 2511 super
737 2451 873 2498 laesis
897 2458 947 2499 et
970 2460 1165 2501 rusceta
1186 2455 1441 2504 montium.

411 2523 520 2572 Illic
542 2528 714 2574 mediis
738 2529 790 2575 in
813 2530 1115 2578 arundinetis

348 2599 544 2648 Invenit
569 2602 857 2667 Colymbum
880 2607 1194 2668 urinatorem,

348 2675 535 2726 Pisoeis
558 2679 638 2727 filo
661 2697 905 2730 connexos
929 2700 1056 2746 pone
1081 2701 1131 2733 se
1156 2686 1432 2735 trahentem

352 2751 549 2804 Gelatas
574 2773 717 2820 super
741 2760 941 2822 paludes
965 2762 1216 2825 olivosque
1240 2764 1488 2822 humidos;
