1650 3048
450 171 666 207 CARMEN
700 171 919 207 HIAWAT
925 172 1053 207 HAE.

183 302 227 349 E
252 302 467 350 calcibus
492 302 720 365 vulpinas
744 304 923 351 caudas
947 304 1219 362 reflectens,

185 379 461 428 Flabellum
485 396 726 443 penneum
750 378 906 429 alterii
928 397 1089 439 manu,

182 455 362 505 Altera
384 458 613 505 tubulum
637 459 832 506 tenebat
857 457 1137 506 fumarium.

184 532 257 583 Os
279 535 491 582 nitidum
514 536 661 582 lineis
683 536 846 596 pictus
871 535 1037 595 variis,

183 609 353 671 Flavo,
377 611 524 671 lfiteo,
551 613 762 671 caerulo,
791 612 963 670 minio,

183 687 452 737 cincinnos
476 688 633 737 fronte
657 690 950 737 demittebat

181 764 429 826 Prolixos,
454 766 562 814 oleo
586 767 800 814 molliter
822 767 1072 826 nitenteis,

184 843 419 891 Femineo
441 859 576 891 more
599 845 934 906 particulatim
958 845 1145 907 plexos,

184 921 267 968 Ex
291 922 472 983 quibus
495 921 822 984 fragrantium
846 923 1125 984 dependent

183 998 317 1047 Cirri
340 999 603 1047 herbarum
626 1000 763 1047 varie
787 1001 922 1048 nexi.

182 1075 320 1123 Talis
346 1077 423 1123 vir
446 1077 631 1124 medios
656 1078 785 1124 inter
808 1078 1040 1124 convivas

182 1154 485 1217 Assurgens,
512 1155 628 1201 dum
651 1161 851 1202 resonat
874 1154 1060 1202 circiim

183 1231 344 1290 Tibia,
370 1237 673 1294 tympanum,
701 1248 803 1279 vox
827 1233 1092 1291 cantat-rix,

182 1308 364 1356 Pulero
386 1309 622 1356 flexibilis
646 1324 862 1370 corpore,
889 1316 1120 1372 protenus

184 1385 426 1449 Mysticos
450 1386 651 1433 inchoat
675 1386 901 1434 saltatlis,

251 1462 423 1511 Primb
446 1464 693 1523 astrictus,
717 1465 898 1526 gravis,
924 1464 1103 1523 lentus,

174 1540 394 1587 'Furtivo
418 1541 560 1602 pardi
584 1557 758 1602 gressu

184 1618 285 1665 Per
308 1618 452 1680 pinos
476 1619 631 1677 exuit,
658 1619 834 1678 induit,

187 1695 401 1744 Umbras
425 1710 538 1743 cum
554 1696 731 1757 jubare
756 1702 1075 1745 commutans.

185 1773 325 1831 Mox,
350 1778 485 1819 motu
510 1773 670 1820 facilis
693 1774 929 1821 celeriore

184 1849 489 1908 Persultans,
518 1851 853 1912 supersultans
873 1851 1126 1909 convivas,

185 1928 390 1976 Vortice
414 1943 465 1976 se
489 1934 620 1974 rotat
641 1929 775 1990 agili,

187 2005 321 2053 Dum
346 2004 466 2052 folia
488 2011 539 2053 et
563 2006 729 2067 pulvis
753 2011 803 2053 et
825 2021 945 2052 aura

187 2084 248 2131 In
273 2099 452 2147 gyrum
475 2089 701 2130 rotantur
725 2083 886 2130 simul.

190 2161 323 2209 Tum
345 2159 515 2209 casula
538 2177 757 2220 aversus,
781 2161 950 2208 desilit

186 2239 248 2287 In
271 2255 406 2287 oram
429 2238 591 2287 Laefis
615 2240 843 2298 Maximi,

187 2317 257 2365 Et
279 2332 452 2365 arenas
468 2318 722 2365 dementer
738 2317 952 2378 jactatas

187 2393 406 2442 Pedibus
431 2394 482 2440 in
506 2397 620 2442 aera
643 2394 858 2456 subjicit,

190 2471 362 2519 Donec
385 2477 533 2519 vento
556 2473 800 2518 verticoso
825 2471 1069 2518 cribratae

189 2548 253 2596 In
276 2564 476 2610 grumos
501 2554 885 2611 congererentur
909 2548 1167 2611 ingenteis,

187 2624 303 2685 Qui,
331 2625 469 2673 velut
492 2626 683 2672 nivium
705 2626 901 2685 tumuli,

188 2701 476 2750 Lacustrem
501 2703 759 2765 opplerent
781 2703 1068 2766 marginem.

191 2779 427 2839 Tandem,
452 2781 616 2829 labore
641 2780 875 2840 defessus,

193 2857 281 2906 Ad
304 2858 538 2906 convivas
561 2859 691 2912 redit
711 2859 1048 2907 exhilaratos:

1403 159 1462 209 71
