1650 3048
204 206 266 250 24

580 194 825 260 Boylzood
845 192 911 257 of
924 181 1215 240 Hiawatka.

399 340 567 391 Media
590 354 734 402 porro
756 341 898 384 nocte
924 336 966 383 si
989 338 1192 381 noctuas
1216 327 1409 377 audiret

333 422 395 468 In
419 415 544 467 silva
566 415 826 464 ululanteis
850 410 1240 463 arridenteisve3

336 494 626 555 “Quidnam
650 499 725 539 est
747 493 839 538 hoc
863 489 922 537 ?”
946 488 1150 536 territus
1174 481 1438 546 quaerebat
1457 500 1471 536 ;

337 574 464 620 Tum
488 572 613 618 alma
634 568 867 616 Nocomis
893 566 963 613 sic
987 562 1296 626 explicabat:

337 653 365 676 “
380 649 622 696 Noctuam
644 653 698 693 tu
721 646 858 692 audis
885 658 994 691 cum
1018 640 1243 688 noctuolo

334 724 502 774 Patria
526 722 613 771 sua
637 725 687 770 in
705 719 872 785 lingua
896 718 1243 781 colloquenteis

342 803 459 852 Sive
479 801 690 862 alloquio
715 801 817 847 sive
836 798 1064 860 jurgiis.”

400 880 592 927 Deinde
615 890 794 939 parvus
818 877 901 924 ille
925 873 1190 922 Hiawatha

335 957 524 1004 Avium
546 953 858 1017 omnigenum
883 967 1151 1001 sermonem
1176 948 1361 1006 didicit,

335 1035 618 1093 Harumque
644 1037 693 1078 et
709 1031 904 1077 nomina
927 1036 975 1077 et
998 1029 1146 1076 arteis
1170 1040 1369 1074 arcanas
1388 1043 1400 1080 ;

336 1110 442 1169 Quo
465 1113 604 1171 pacto
619 1106 798 1155 aestate
812 1107 1133 1163 nidificarent,

334 1188 545 1235 Ubinam
568 1185 726 1232 hieme
752 1200 802 1231 se
826 1176 1198 1231 absconderent.

333 1264 486 1310 Hisce
510 1263 700 1323 quoties
725 1258 918 1309 obviam
941 1261 1093 1318 fieret,
1121 1257 1486 1320 colloquebatur

334 1340 610 1401 Pullosque
636 1338 924 1385 Hiaw'atkoe
949 1337 1241 1399 appellabat.

401 1417 635 1465 Ferarum
657 1433 772 1462 mox
797 1417 967 1463 itidem
991 1415 1165 1462 didicit
1185 1425 1468 1471 sermonem,

334 1494 384 1541 N
388 1494 644 1554 ominaque
668 1509 832 1540 earum
856 1499 905 1539 et
929 1493 1077 1539 arteis
1102 1506 1330 1539 arcanas:

334 1572 409 1620 Ut
432 1572 540 1617 fibri
564 1571 750 1618 casulas
775 1570 1157 1628 contabularent,

336 1649 551 1696 Ubinam
576 1649 726 1695 sciuri
750 1648 970 1710 glandeis
995 1648 1259 1694 conderent
1278 1665 1291 1702 3

336 1726 477 1783 Tum,
504 1741 649 1786 quam
671 1724 819 1771 velox
844 1731 1062 1772 curreret
1084 1725 1333 1782 tarandus,

339 1803 502 1861 Quare
525 1807 761 1850 metueret
785 1802 904 1849 adeo
929 1801 1200 1849 cuniculus.

337 1880 514 1938 Hosce,
542 1880 582 1926 si
606 1880 798 1940 quando
822 1878 982 1926 forent
1006 1879 1154 1937 obvii,
1182 1878 1518 1941 compellabat,

338 1956 621 2017 Indiditque
644 1972 831 2014 nomen,
859 1956 1066 2003 Fratres
1089 1956 1413 2005 Hiawatlzae.

402 2034 649 2095 Deinceps
673 2033 812 2095 bigo,
838 2049 1054 2081 summus
1072 2033 1300 2095 jactator,

336 2111 670 2157 Mirandarum
693 2116 914 2158 narrator
938 2111 1229 2171 fabularum,

335 2188 694 2250 Peregrinator,
720 2188 904 2249 loquax
927 2189 1151 2248 nimium,

338 2264 565 2313 Ceterum
590 2265 773 2311 amicus
797 2266 975 2312 vetulae
999 2266 1300 2326 NocomidiS‚

333 2342 524 2389 Arcum
547 2341 756 2388 confecit
779 2342 1071 2391 Hiawathae

339 2419 381 2464 E
406 2435 536 2465 ramo
561 2418 785 2466 fraxineo
805 2420 1084 2482 figuratum,

341 2496 466 2544 Cum
491 2497 683 2559 sagittis
707 2513 733 2545 e
758 2495 946 2559 querna
970 2497 1113 2561 virga

342 2573 487 2621 Silice
510 2575 755 2635 praefixis,
782 2592 906 2637 pone
930 2578 1172 2638 pennatis,

338 2650 533 2711 Proque
557 2666 708 2698 nervo
733 2653 944 2700 intendit
967 2654 1144 2715 pellem
1168 2657 1449 2715 cervinam3

339 2727 508 2788 Atque
533 2728 613 2774 ille
638 2729 929 2777 Hiawathae
955 2732 1113 2780 dixit:

342 2807 371 2830 “
389 2804 451 2853 In
476 2805 646 2853 silvam
671 2807 763 2866 abi,
789 2809 856 2854 mi
881 2824 1021 2871 puer,
