1650 3048
212 195 275 240 22

580 179 868 234 Childhood
891 175 957 241 of
968 167 1264 223 Hiawatha.

406 333 569 382 Juxta
589 330 719 390 ripas
741 320 986 385 Aequoris
1008 312 1232 371 Maximi,

345 409 504 459 Lacus
527 405 759 455 latissime
781 395 1062 453 relucentis,

342 484 625 536 Nocomidis
649 481 803 529 stabat
824 473 1090 539 tugurium,

342 561 627 612 Nocomidis
651 574 677 607 e
700 552 844 606 Luna
866 551 1077 617 genitae.

343 640 504 703 Nigra
528 637 688 700 surgit
702 648 835 699 pone
860 630 998 686 silva,

348 714 478 766 Atra
500 714 780 764 contristata
802 709 915 772 pino

343 795 509 856 Atque
532 792 689 840 abiete
711 783 1011 835 nucamentis
1035 773 1282 841 squamea.

346 871 489 920 Clara
503 868 716 931 jactatur
739 867 793 912 in
803 863 984 928 fronte
1006 858 1139 905 unda

342 947 544 995 Praeter
565 945 724 1008 ripam
745 940 907 990 Lacfis
930 935 1158 993 Maximi,

345 1024 492 1073 Unda
514 1022 695 1084 aprica,
719 1020 818 1066 late
838 1017 1082 1065 relucens.

344 1102 423 1148 Ibi
445 1100 498 1148 N
500 1099 693 1156 ocomis,
713 1095 895 1153 vetula,
919 1106 1113 1155 rugosa,

345 1176 585 1225 Infantem
608 1175 768 1223 alebat
790 1169 1104 1219 Hiawatham
1128 1183 1141 1212 ι

347 1255 498 1304 Cunis
520 1252 744 1301 movebat
766 1251 818 1297 in
840 1246 1049 1296 tiliaceis

350 1333 525 1380 Museo
548 1346 603 1378 ac
621 1329 786 1391 juncis
809 1325 1021 1374 molliter
1043 1325 1311 1383 repostum,

347 1408 530 1457 Nervis
554 1405 822 1455 tarandinis
846 1403 1144 1464 colligatum.

347 1486 583 1549 Vagitum
607 1484 779 1531 sedans
801 1494 1061 1536 morosum,
1087 1474 1281 1522 dicebat
1302 1491 1314 1520 z

349 1566 377 1588 “
397 1562 481 1611 St!
517 1577 578 1610 ne
601 1576 743 1608 ursus
765 1566 815 1607 te
837 1558 1000 1606 nudus
1025 1551 1278 1616 arripiat.''

348 1640 472 1687 Mox
496 1639 713 1701 sopiebat
735 1637 823 1684 tali
847 1635 1059 1684 carmine
1084 1649 1097 1679 ε

353 1720 380 1743 “
396 1717 489 1764 Eia
510 1717 521 1763 ἔ
561 1716 785 1774 dormias,
812 1714 879 1761 mi
903 1710 1131 1760 noctuole
1151 1708 1163 1755 1

351 1794 472 1854 Quis
495 1794 575 1841 hic
599 1793 811 1841 casulam
832 1796 1048 1839 nostram
1071 1787 1289 1834 illustrat
1311 1782 1331 1830 ?

352 1871 597 1931 Quisnam,
624 1870 764 1918 oculo
791 1870 889 1916 lato
913 1867 1150 1930 effulgens
1170 1862 1192 1910 ?

350 1949 444 1995 Eia
468 1948 479 1995 1
517 1948 739 2005 dormias,
765 1947 833 1992 mi
856 1945 1084 1993 noctuole
1109 1944 1162 1992 !''

413 2025 571 2072 Multa
594 2040 711 2071 mox
734 2023 899 2071 docuit
922 2023 1062 2069 illum
1083 2022 1324 2071 Nocomis

348 2103 423 2150 De
447 2102 613 2159 stelliS‚
638 2106 877 2163 quotquot
899 2100 1092 2163 fulgent
1115 2101 1167 2147 in
1190 2102 1419 2157 aethere;

350 2179 597 2228 Cometam
614 2194 725 2226 cum
748 2178 908 2240 igneis
933 2178 1151 2225 crinibus
1176 2178 1398 2227 ostendit

350 2257 416 2305 Et
439 2256 594 2303 diram
617 2256 905 2303 daemonum
929 2255 1168 2316 choream,

352 2333 448 2393 Qui
472 2334 632 2382 cristis
657 2347 713 2380 ac
737 2332 892 2380 clavis
915 2332 1155 2382 bellantes

355 2410 543 2459 Gelidis
563 2410 778 2457 Brumae
800 2410 1027 2457 noctibus

350 2487 530 2535 Procul
552 2488 681 2534 inter
703 2486 932 2535 Borealia
954 2487 1142 2536 lucent.

353 2564 479 2612 Item
500 2564 707 2612 lacteum
730 2565 782 2611 in
806 2564 939 2612 coelo
962 2565 1184 2626 limitem,

355 2641 621 2688 Tramitem
642 2641 859 2688 manium
881 2641 1189 2703 latissimum,

359 2718 559 2766 Directo
583 2724 899 2767 trameantem
923 2720 1083 2768 caelos

354 2794 701 2858 Refertumque
723 2802 1023 2846 mortuorum
1045 2798 1213 2847 larvis.
