1650 3048
442 139 692 194 0111111111.
714 157 1066 212 nuwunAq.

199 284 607 346 Congreganturz'
639 289 788 346 atque
811 285 895 333 ille
918 291 1205 350 3851113011ερ-

201 360 366 410 Solem
389 359 563 408 versus
586 365 761 409 mansis
785 362 940 422 effert,

195 435 369 486 Palma
391 435 601 500 utraque
625 437 860 501 expansa.

201 514 299 565 Sed
322 529 410 577 per
434 516 630 578 digitos·
635 516 788 578 jubar
812 518 1000 566 divisos

197 592 344 639 Illius
369 593 418 639 in
446 608 500 640 os
525 599 689 644 tamen
713 594 905 654 incidit,

198 669 250 716 N
253 670 364 717 udis
386 670 606 718 humeris
629 671 885 734 affulgens,

197 747 272 795 Ut
295 762 383 809 per
406 746 526 795 folia
546 763 805 810 ramosque
828 748 1039 797 diffissos

200 823 456 883 Quernum
481 826 703 888 stipitem
728 827 907 876 variat.

198 902 331 950 Dein
355 903 630 951 vaticinans
654 908 725 952 a'it
750 904 929 967 populo
945 921 960 951 ε
1003 928 1005 930 -
1048 926 1053 929 ·

268 982 297 1004 “
318 979 362 1029 O
387 978 594 1028 fratres!
665 981 889 1029 Daemon
917 980 1204 1043 Supremas·

199 1057 331 1105 Mihi
353 1058 509 1106 multa
533 1059 625 1106 sub
651 1059 798 1107 corde
822 1059 954 1109 dixit

197 1136 389 1183 Arcani
413 1136 523 1183 visa
545 1136 726 1186 Futur'i

202 1212 331 1261 Cum
355 1214 612 1275 sagacibus
635 1214 817 1280 agendi
840 1215 1087 1263 consilii&
1166 1220 1171 1223 ⁴

197 1289 365 1337 Audio
390 1292 720 1354 comperique,
744 1297 797 1340 et
820 1293 958 1340 scitis
981 1300 1086 1352 vos,

196 1366 400 1415 Novum
422 1383 488 1416 ex
511 1367 718 1419 Oriente
740 1370 938 1417 venisse
961 1368 1197 1432 populum

199 1443 301 1493 Ore
324 1445 548 1504 candido,
572 1451 737 1499 mente
760 1443 955 1509 callida,

201 1521 359 1569 Manu
381 1523 673 1585 artibusque
696 1524 1069 1586 peritissimum,

198 1598 393 1649 Bellica
415 1601 468 1648 vi
492 1616 608 1649 sane
632 1600 1013 1650 formidandum.

200 1677 407 1726 Visione
432 1676 603 1727 divina
624 1684 762 1727 nunc‘
780 1679 993 1741 cognovi

205 1755 332 1804 Fore
356 1761 413 1803 ut
435 1756 504 1815 hi,
530 1757 690 1818 plebis
712 1762 919 1805 numero·
937 1757 1234 1816 creberrimi,

204 1831 317 1881 Sint
340 1839 684 1895 praepotentes
707 1840 877 1881 nostro
900 1835 953 1881 in
978 1835 1097 1883 solo.

119 1934 122 1935 ⁷
203 1909 313 1958 Hos
337 1925 399 1958 ne
421 1911 724 1970 arcessitote,
749 1926 878 1974 neve
895 1911 1204 1973 *depellitotffi

200 1987 407 2036 Amicos
430 1988 703 2050 ancipiteis,
729 1988 915 2036 hosteis
938 1989 1218 2037 acerrimos.

204 2065 326 2124 Hos,
354 2065 593 2127 siquando
617 2070 794 2127 sponte
817 2065 1101 2125 advenient,

207 2139 410 2191 Summa
431 2139 780 2190 benevolentia
801 2147 1038 2204 exceptos

207 2219 269 2266 In
294 2218 466 2267 foedus
489 2219 626 2281 pacis
642 2218 912 2282 jungitote.

208 2296 403 2344 Horum
426 2296 685 2345 ediscitote
708 2297 859 2344 arteis

204 2374 569 2436 Excultamque
593 2378 875 2422 exercetote
899 2356 1195 2422 industriam
1217 2393 1231 2431 ;

208 2450 264 2500 Si
288 2450 416 2499 forte
440 2451 640 2514 ingenio
662 2451 860 2499 adaucti

203 2528 458 2577 Possimus
480 2528 649 2578 cuncti
672 2529 800 2576 inter
822 2543 912 2578 nos
936 2529 1228 2590 coalescere,

206 2605 355 2654 Unus
378 2606 722 2669 indigenarum
743 2605 971 2668 populus,

211 2682 302 2731 Sin
325 2682 503 2743 minias,
528 2682 793 2746 augurium
815 2683 980 2734 animo
1061 2708 1063 2710 ·

206 2760 462 2811 Horribile
487 2760 651 2809 dirum
673 2760 859 2819 insidit,

1378 150 1469 196 103
