1650 3048
162 194 220 237 58

495 182 770 246 Slauykter
793 180 859 244 of
871 178 952 225 the
982 171 1234 239 Ser-penes.

361 330 643 395 Serpenteis
667 327 816 376 celeri
839 339 988 372 cursu
1006 322 1191 385 igneos,

292 410 491 474 Ingenti
514 411 764 471 protentos
791 416 993 463 corpore

292 489 462 550 Ipsum
486 492 622 532 trans
640 481 828 529 aditum
852 481 1094 534 contorto,

294 565 595 614 Commotam
620 575 706 622 per
730 572 906 619 aquam
931 549 1263 616 splendenteis

294 641 472 690 Cristis
496 636 782 686 ardentibus
809 632 1029 690 sublatis,

294 717 634 777 Nebulamque
658 727 945 774 vaporosam
968 696 1349 762 ekaest-uanteis,

296 795 506 843 Accedit
529 791 821 846 Hiawatha3
856 794 907 836 et
930 785 1206 848 intrepidus

295 873 514 933 Arrepto
537 885 653 917 arcu
677 868 904 915 fraxineo

299 951 514 1013 Sagittas
538 949 727 1009 iaspare
752 944 996 1007 praefixas

298 1029 436 1076 Inter
460 1024 732 1087 serpenteis
755 1021 990 1084 profudit.

300 1105 503 1165 Quoties
527 1117 709 1150 nervus
734 1098 953 1146 insonuit
970 1096 1119 1155 arcui,

301 1183 470 1230 Toties
494 1181 728 1228 acclamat
751 1193 853 1225 vox
875 1175 993 1223 belli
1016 1194 1029 1231 ;

301 1260 505 1320 Quoties
524 1257 690 1306 stridit
713 1272 777 1303 ex
800 1270 919 1302 arcu
944 1253 1141 1315 sagitta,

299 1338 470 1385 Toties
492 1341 647 1383 morte
671 1333 823 1396 ejulat
847 1347 1078 1394 serpens:

301 1416 471 1463 Donec
494 1429 662 1461 omnes
686 1426 843 1473 nuper
862 1410 997 1472 ignei

305 1493 368 1540 In
392 1488 599 1540 cruenta
616 1487 744 1552 aqua
768 1488 1055 1535 volutantur

304 1570 572 1618 Exanimes
591 1587 603 1624 ;
637 1582 725 1629 per
748 1581 871 1627 quos
894 1561 1163 1611 Hiawatha

308 1647 606 1697 Collaudans
629 1645 837 1692 celerem
861 1643 1085 1706 cymbam

305 1725 547 1771 Hortatur
570 1724 621 1770 in
644 1722 838 1784 piceum
859 1720 1056 1767 flumen.

307 1802 515 1849 Proram
539 1801 653 1847 sebo
677 1798 977 1860 acipenseris

307 1879 388 1926 Ac
405 1879 558 1925 latera
581 1877 730 1939 probe
755 1875 1007 1936 perunxit,

307 1957 382 2006 Ut
405 1971 491 2018 per
514 1961 699 2002 atrores
722 1952 958 2000 velociter

222 2055 225 2061 ·
309 2032 778 2081 Praeterveheretur
802 2030 966 2092 stagni
985 2029 1130 2090 picei.

376 2111 555 2158 Totam
578 2123 665 2171 per
688 2114 882 2155 noctem
905 2106 1171 2170 navigabat

311 2186 408 2236 Illa
431 2203 576 2250 super
599 2184 726 2248 aqua
751 2184 905 2247 segni,

314 2265 425 2316 Situ
449 2266 721 2313 seculorum
745 2259 971 2321 obducta,

310 2344 491 2392 Juncis
514 2340 622 2390 atr'a
645 2340 1059 2403 putrescentibus,

314 2419 556 2470 Gladiolis
578 2435 635 2467 ac
659 2418 790 2465 foliis
813 2418 1020 2465 liliaceis

315 2495 547 2556 Baucida,
576 2502 849 2560 stagnante,
877 2495 1096 2555 inanimi,

316 2572 548 2633 Horrida,
574 2575 738 2630 tristi3
773 2589 921 2636 quam.
942 2573 1188 2621 lustrabat

316 2652 509 2700 Pallide
533 2668 792 2700 coruscans
816 2652 935 2699 luna

318 2729 389 2777 Et
412 2729 547 2776 fatua
568 2730 761 2791 paludis
784 2730 960 2788 lux,—

321 2805 527 2866 Qualem
550 2806 761 2856 lemures
785 2807 1063 2855 accendunt
1086 2805 1253 2869 ignem
