1650 3048
452 189 668 229 CARMEN
703 190 1051 230 HIAWATHAE.

314 322 388 371 At
415 339 531 371 vero
555 324 836 385 Hiawatha,
864 327 1137 389 dedignans

246 401 453 461 Quando
476 402 647 464 lupum
671 404 810 450 videt
830 405 1237 466 appropinquare,

248 479 496 541 Repudiat
519 478 786 543 objurgans
809 481 1014 540 hostem,

248 556 399 619 Isque
423 557 586 604 victus
610 559 796 619 pudore
819 559 1138 621 demergitur.

254 632 615 695 Ortkaqoriseo
641 636 755 683 dein
778 635 955 682 Molae
978 636 1148 683 eadem

251 710 471 772 Imperat
495 713 695 774 squalus
717 731 731 769 ;
767 713 853 760 sed
877 714 1048 760 itidem

252 787 464 847 Quando
486 789 584 848 hic,
610 805 664 837 re
689 787 887 849 infecta,
912 791 1074 848 rediit,
1157 812 1162 816 ·

254 865 399 914 Tunc
423 866 537 915 Rex
560 867 665 928 ipse
689 867 914 929 piscium,
941 873 1208 915 commotus

255 943 339 991 Ex
362 941 475 992 alba
498 943 640 991 fundi
662 942 827 1005 arena,

256 1021 501 1069 Iracundo
525 1023 745 1084 corporis
769 1028 914 1085 gestu

257 1099 466 1146 Penitus
490 1115 579 1161 per
602 1115 780 1147 nervos
803 1100 1041 1161 quatitur.

253 1176 483 1223 Laminas
506 1183 779 1225 armaturae
802 1178 1003 1240 clangit,

251 1253 529 1316 Pigmentis
553 1254 915 1317 fulgidissimus
939 1255 1131 1303 bellicis
1153 1273 1167 1311 ;

257 1331 384 1378 Mox
407 1331 459 1377 in
481 1332 704 1393 apricum
720 1332 870 1394 jubar

257 1407 402 1457 Saltu
425 1408 687 1471 subjicitur
710 1410 1094 1457 concitatissimo
1112 1427 1127 1458 z

255 1485 324 1532 Et
349 1483 596 1548 (posteros
621 1487 663 1533 si
686 1493 880 1548 oportet
902 1489 1117 1546 credere,

257 1562 399 1622 Quae
423 1565 557 1612 atavi
581 1565 830 1612 tradidere
852 1565 1130 1629 miracula,)

257 1640 505 1688 Faucibus
528 1642 774 1704 absorpsit
797 1643 1083 1705 ingentibus

259 1719 328 1766 Et
351 1720 576 1782 cymbam
599 1725 649 1767 et
673 1720 1008 1769 Hiawatham.

325 1796 488 1859 Atqui
510 1798 592 1845 hic
616 1796 875 1847 tenebrosa
898 1800 949 1846 in
972 1796 1202 1857 caverna,

261 1875 335 1924 Ut
358 1875 549 1923 caudex
572 1876 716 1938 nigro
741 1876 793 1922 in
817 1876 1017 1924 flumine

258 1952 453 2002 Caecus
475 1953 769 2001 decurrente
794 1954 1159 2016 praecipitatur,

260 2031 451 2078 Tamen
476 2030 528 2077 vi
553 2028 721 2079 valida
745 2031 977 2078 connisus

260 2108 329 2155 Et
352 2108 578 2155 manibus
602 2109 922 2156 circumcirca
944 2108 1164 2170 palpans,

261 2185 365 2234 Cor
388 2186 547 2247 squali
571 2191 802 2233 strenuus
826 2186 999 2233 avellit
1020 2203 1033 2233 :

264 2263 436 2325 Atque
460 2264 503 2310 is
529 2263 817 2311 demortuus
842 2264 975 2311 illico

263 2340 351 2388 Ad
375 2357 586 2387 summas
610 2356 762 2403 aquas
787 2342 1110 2399 submittitur,

265 2418 368 2467 Ubi
391 2418 481 2465 vix
504 2434 594 2481 per
617 2418 800 2466 fauceis
823 2419 1063 2465 maximas

265 2496 334 2543 Et
357 2511 477 2549 aura
499 2501 549 2543 et
571 2496 662 2543 lux
687 2497 916 2544 intrabat.

260 2573 476 2635 Jamque
499 2573 647 2621 hilari
671 2589 781 2621 cum
806 2574 997 2636 garritu
1022 2573 1211 2620 sciurus

269 2650 411 2699 Saltu
435 2650 683 2712 projectus
708 2652 760 2697 in
784 2651 964 2697 ostium

266 2727 487 2777 Caudam
510 2729 573 2775 ad
595 2745 740 2776 auras
765 2728 1073 2790 praepandit,

268 2805 380 2867 Quo
403 2807 587 2870 remige
612 2807 811 2870 squalus
836 2807 1012 2869 ingens

1389 183 1451 229 53
