1650 3048
434 195 648 235 Caluum
682 193 1030 235 fflAwATHAE.
1378 181 1442 227 29

175 327 372 389 Quippe
395 326 556 374 crines
579 326 820 388 nubivagi
844 325 950 373 sine
973 340 1108 372 more

167 405 266 452 Per
288 408 403 456 aera
426 405 611 453 circum
628 403 944 465 jactabantur

172 481 409 531 Contorto
434 481 624 544 fulgore
649 481 956 536 diffluentes;

171 559 381 608 Candidi
405 565 635 620 tanquam
658 559 798 606 nives
821 557 1101 616 ventilatae,

168 636 369 699 Fulgidi
392 636 530 683 velut
545 635 696 697 jubae
718 640 1031 688 cometarum.

237 713 312 760 At
335 714 516 775 gaudio
540 702 697 764 elatus
721 719 927 774 paterno

172 791 446 853 Magiceius
471 791 788 841 Hiawatham
812 790 1047 849 intuetur,

174 867 328 929 Cujus
353 868 406 915 in
429 868 571 915 vultu
588 867 816 929 juvenali

77 988 84 998 ,
173 945 287 1007 Ipse
313 961 449 992 suam
466 945 724 1007 juventam
747 946 1053 1007 recognovit,

174 1023 241 1069 Et
263 1024 595 1086 Primigeniae
619 1024 759 1085 quasi
783 1039 848 1070 ex
872 1024 1098 1085 sepulcro

175 1101 403 1149 Formam
429 1102 741 1162 conspicatur
766 1117 1042 1164 resurgere.

177 1177 340 1237 Quare
364 1176 578 1240 benigna
600 1179 755 1240 patris
781 1176 1026 1241 sapientia

175 1256 450 1303 Venustam
474 1256 770 1304 Hiawathae
793 1258 1138 1318 proceritatem

173 1332 440 1383 Admirans
465 1334 818 1395 exsultansque
841 1335 1217 1397 contemplatur.

242 1412 271 1434 “
296 1410 592 1472 Exoptatus,
620 1409 665 1459 Ο
690 1411 991 1459 Hiawatha!
1031 1412 1239 1476 (inquit)

174 1488 236 1534 In
260 1487 469 1534 Favonii
492 1504 700 1551 regnum
723 1491 1014 1551 pervenisti.

177 1566 249 1612 Te
274 1567 561 1627 exspectavi
586 1567 685 1614 diu.

175 1643 419 1691 Amabilis
443 1650 518 1691 est
534 1644 789 1706 juventus,
816 1645 1036 1692 solitaria
1058 1651 1298 1706 senectus,

177 1720 332 1783 Ignea
348 1720 601 1782 juventus,
628 1728 854 1770 senectus
877 1723 1056 1785 gelida.

179 1798 354 1846 Refers
379 1805 433 1846 tu
457 1800 578 1846 mihi
604 1801 709 1847 dies
732 1801 1029 1863 longinquos

180 1876 483 1938 Amol-esque
495 1877 732 1938 juventae
747 1894 803 1926 ac
820 1878 1040 1939 pulcram
1053 1879 1453 1944 Primigeniam.”

245 1954 434 2001 Multos
458 1961 564 2001 tum
588 1956 693 2002 dies
716 1956 1122 2017 colloquebantur
1145 1958 1259 2018 una,

178 2032 256 2079 De
279 2033 447 2079 multis
471 2033 617 2080 rebus
642 2034 964 2096 interrogant,
989 2035 1284 2096 auscultant,

181 2109 519 2169 Immorantes,
541 2117 716 2163 mutuo
739 2112 1117 2172 respondentes:

180 2188 350 2236 Primo
373 2189 433 2237 de
459 2189 510 2236 Η
514 2189 752 2237 iawathae
776 2189 1025 2249 fratribus,

182 2265 260 2313 De
283 2266 533 2313 Matutino
555 2265 817 2314 Subsolani
842 2267 1052 2326 domino,

183 2343 262 2391 De
285 2343 496 2392 Aestivo
513 2343 693 2395 Austri
715 2349 920 2403 rectore,

184 2420 261 2468 De
284 2421 491 2473 Arctico
512 2421 848 2483 Aquilonibus
872 2427 1072 2484 potente
1093 2439 1106 2469 ε

187 2498 408 2546 Tandem
431 2500 491 2547 de
514 2505 671 2548 matre
694 2499 991 2549 Hiawathae

184 2575 503 2639 Primigenia,
530 2578 747 2625 Telluris
771 2574 931 2637 stella,

186 2653 263 2701 De
287 2660 432 2716 partu
454 2656 642 2702 floridis
667 2656 718 2702 in
742 2656 912 2717 pratis,

187 2731 265 2779 De
286 2737 441 2779 morte
466 2732 685 2793 ejusdem
708 2731 940 2792 desolata,

190 2808 367 2870 Qualia
388 2809 623 2863 Nocomis
646 2811 837 2873 pridem
855 2820 1226 2870 memoraverat.
1280 2823 1284 2826 ’
