1650 3048
395 210 404 219 ,
441 178 659 214 GABMEN
693 176 1041 213 HIAWATHAE.
1379 165 1443 211 23

238 310 404 358 Juxta
425 310 606 357 ostium
628 310 817 357 aestivo
841 324 1046 371 vespere

173 387 381 436 Casulae
403 388 649 435 assidebat
671 403 855 449 parvus
879 388 1163 445 Hiawatha,

171 465 478 512 Auscultans
501 466 729 527 pinorum
754 481 979 512 susurros

171 542 450 605 Leneisque
473 543 714 589 undarum
738 543 915 602 illisus,

177 619 335 668 Sonos
359 635 576 679 canoros,
600 621 748 668 miras
772 636 934 668 voces.

174 697 527 757 Minnewc'zwa,
553 698 785 745 dicebant
807 698 915 760 pini
939 716 953 753 ς

173 774 539 838 Maduayasca,
566 776 929 838 respondebant
952 775 1127 823 undae.

239 853 373 901 Dein
396 869 483 915 per
507 854 850 915 crepusculum
874 854 1148 901 flammeam
1172 868 1390 901 muscam

176 929 484 978 Volitantem
506 931 792 993 aspiciebat,
819 930 962 993 cujus
987 931 1192 979 candela

178 1006 385 1071 Spineta
408 1009 678 1070 dumosque
704 1009 1000 1058 illustrabat.

176 1085 308 1133 Tum
332 1086 575 1148 puerilem
602 1088 830 1134 cantabat
853 1089 1092 1146 naeniam,

175 1162 335 1223 Quam
358 1164 485 1210 alma
507 1164 559 1210 N
562 1165 747 1211 ocomis
773 1166 881 1226 ipsa
904 1167 1154 1213 docuerat.

174 1244 203 1266 “
219 1242 471 1289 Flammea
491 1257 675 1300 musca,
701 1243 912 1290 candida
935 1242 1172 1291 volitans!

174 1318 292 1366 Mea
314 1318 559 1381 fulgidula
581 1319 900 1380 saltatricula,
1063 1381 1069 1387 ι

177 1394 399 1454 Sursum,
421 1396 661 1455 deorsum,
688 1397 874 1444 circum
898 1397 1222 1446 salisubsula!

174 1472 306 1519 Mihi
329 1473 559 1535 praeluce
576 1471 740 1521 facula
762 1475 971 1535 nictans,

172 1553 459 1614 Antequam
481 1553 608 1600 lecto
632 1554 850 1601 membra
872 1570 1122 1616 reponam,

172 1631 459 1693 Antequam
483 1646 653 1677 somno
677 1632 905 1679 claudam
928 1632 1163 1680 lumina.'’

240 1711 435 1758 Lunam
460 1711 579 1758 item
603 1711 805 1758 videbat
828 1712 939 1760 lacu
963 1726 1253 1775 exsurgere,

175 1789 259 1837 Ex
284 1789 423 1850 aquis
448 1789 642 1851 rugosis
667 1804 719 1836 se
743 1790 1021 1849 incurvare,

177 1867 392 1914 Maculis
417 1867 700 1927 umbrisque
716 1868 957 1914 variatam
974 1885 986 1914 :

176 1944 307 1992 Tum
332 1944 646 1990 susurrabat:
685 1946 714 1968 “
732 1943 866 2002 Quid
888 1945 996 2004 hoc,
1022 1944 1074 1992 N
1076 1945 1234 1992 ocomi
1256 1942 1320 1991 ?''

171 2022 349 2083 Neque
373 2021 501 2068 alma
524 2021 758 2068 Nocomis
783 2037 881 2068 non
905 2023 1264 2084 respondebat:

179 2102 211 2125 “
227 2099 415 2147 Vetula
438 2099 632 2146 scilicet
655 2099 707 2145 in
730 2097 877 2146 Luna
899 2100 1150 2147 recubat.’'

241 2176 432 2224 Arcum
456 2176 683 2238 pluvium
707 2177 901 2238 quoties
927 2178 1122 2225 videret

174 2255 297 2302 Late
321 2259 606 2317 protentum
627 2254 969 2316 lucentemque
993 2255 1045 2301 in
1069 2254 1220 2311 coelo,

174 2331 504 2382 Susurrabat:
543 2333 572 2356 ‘⁶
595 2330 730 2390 Quid
753 2338 919 2379 autem
942 2333 1051 2390 hoc,
1077 2331 1290 2379 Nocomi
1310 2329 1331 2377 ?
1352 2331 1377 2351 ''

176 2410 351 2472 Atque
376 2409 463 2455 illa
486 2409 714 2471 protinus
734 2409 853 2456 talia
874 2410 1230 2471 respondebat:

175 2489 207 2513 “
224 2487 337 2534 Illic
361 2486 601 2549 effulgent
624 2487 769 2534 flores
793 2488 969 2534 renati.

174 2564 430 2626 Quidquid
453 2571 530 2612 cst
551 2565 728 2612 florum
752 2565 805 2610 in
830 2561 959 2612 silva
983 2564 1295 2623 incultorum,

176 2641 433 2704 Quidquid
455 2642 671 2689 liliorum
694 2643 946 2689 immensis
970 2643 1023 2689 in
1046 2643 1231 2704 pratis;

175 2720 448 2782 Postquam
471 2720 524 2766 in
547 2720 725 2767 tellure
749 2727 1099 2781 emarcescunt,

181 2797 283 2847 Suo
306 2798 358 2845 in
381 2798 555 2862 Elysio
579 2813 790 2860 superne
812 2797 1036 2847 florent.'’
