1650 3048
227 205 289 250 32
633 198 757 247 Visit
777 204 825 244 to
848 195 929 243 the
946 190 1224 244 Dacotalcs.

362 345 484 393 Risu
510 344 662 390 instar
686 341 925 389 undarum
949 352 1141 385 canoro.

357 422 491 485 Ergo
515 436 578 468 ex
601 419 739 480 aquis
762 433 869 464 eam
892 416 1242 471 nominaverat,

357 499 439 546 Ex
462 498 598 559 aquis
623 496 719 542 illis
743 492 1108 557 praecipitibus,

357 575 719 631 Minneffizham,
746 586 930 635 aquam
952 569 1208 616 ridentem.

422 652 556 699 Num
579 667 694 713 ergo
718 655 915 711 propter
938 660 1195 694 mucrones
1220 644 1508 706 sagittarum

357 730 439 776 Ex
462 729 645 786 achate,
673 728 807 774 silice
833 741 918 773 seu
942 724 1132 785 iaspare

355 806 497 853 Tune
522 806 570 851 in
593 805 842 867 regionem
866 802 1165 849 Daootarum

356 882 618 929 Hiawatha
641 881 842 929 deflexit
866 881 960 926 iter
985 878 1005 926 Ρ

355 959 440 1006 An
464 974 557 1005 non
581 964 636 1004 ut
659 958 872 1019 puellam
894 957 1100 1014 videret,

355 1035 557 1095 Quoties
582 1036 747 1082 vultus
770 1034 947 1095 Aquae
971 1032 1199 1080 Ridentis

354 1114 478 1161 Velo
502 1113 691 1160 casulae
718 1112 939 1159 submoto
962 1114 1237 1172 emergeret
1260 1106 1281 1154 ἲ

353 1190 519 1251 thue
543 1190 736 1236 audiret
758 1189 969 1236 vestium
994 1202 1166 1234 sonum

352 1267 486 1314 Pone
509 1267 704 1313 fluitans
727 1266 891 1313 velum
913 1264 1193 1321 labentium,

350 1345 423 1392 Ut
446 1346 572 1391 inter
594 1359 765 1402 ramos,
791 1359 917 1404 pone
941 1358 1125 1401 nemus,
1151 1356 1305 1403 aquae

353 1422 576 1480 Elueent‚
604 1422 863 1483 strepitant
886 1421 1165 1468 desilientes
1187 1418 1208 1466 Ρ
1275 1444 1279 1447 >

421 1498 544 1557 Quis
568 1499 710 1557 dicat,
729 1498 970 1559 juvenum
994 1499 1045 1545 in
1069 1498 1214 1546 eorde

355 1574 487 1634 Quot
511 1576 681 1638 igneae
704 1577 1042 1623 meditationes
1067 1576 1261 1622 alantur
1283 1573 1303 1621 Ρ

355 1652 478 1711 Quis
502 1653 791 1714 pulcerrima
814 1659 979 1701 narret
1002 1653 1190 1700 somnia

356 1730 645 1778 Hiawathae
669 1737 785 1778 tunc
809 1732 945 1778 cordi
968 1731 1292 1778 redundantia
1312 1728 1333 1776 ?

357 1805 584 1855 Ceterum
607 1823 743 1859 suam
767 1809 828 1855 ad
851 1808 1062 1855 casulam
1085 1807 1244 1855 redux

357 1883 483 1932 Cum
505 1900 719 1946 vespere,
746 1885 1007 1933 Nocomidi
1029 1885 1183 1932 multa

356 1961 431 2008 De
454 1968 590 2023 patre
614 1963 857 2025 Magiceio
881 1964 1130 2010 enarravit

356 2038 527 2100 Deque
553 2040 682 2087 illius
707 2041 972 2101 praecipite
991 2038 1110 2103 fuga
1132 2059 1145 2096 ;

360 2114 456 2163 Sed
479 2117 600 2163 nihil
624 2118 683 2164 de
708 2118 900 2180 sagittis
924 2118 1022 2165 illis
1046 2119 1188 2177 dixit,

359 2192 500 2239 Nihil
524 2194 581 2241 de
605 2191 754 2256 Aqua
777 2195 1003 2243 Ridente.
