1650 3048
481 133 700 170 CARMEN
734 136 1079 171 HIAWATHAE.

278 263 502 311 Finierat
526 265 675 329 Iago:
715 271 861 329 atque
889 267 1142 325 convivae,

207 340 330 388 Post
353 341 580 402 plausum
597 343 876 405 multosque
900 345 1045 403 risus,

207 418 406 465 Modico
430 420 663 480 quievere
689 421 969 470 intervallo,

272 495 398 542 Mox
425 496 604 543 iterum
629 498 809 545 cecinit
834 497 1106 546 Chibiabus

212 572 617 622 Tenericarmen
641 576 876 623 desiderii
903 594 918 632 ;

207 648 282 698 Ut
307 649 440 697 dulci
465 666 587 698 voce
610 650 895 714 moestaque

208 725 369 789 Virgo
393 727 454 794 de
479 744 566 775 suo
589 736 806 777 amatore

207 802 530 867 Algonquino
553 806 777 854 tenerum
801 807 976 869 ploret.

275 880 525 941 “Quando
549 884 608 931 de
632 890 791 931 amato
814 900 921 932 meo
944 885 1167 943 meditor,

212 957 295 1007 Sic
319 960 498 1008 misera
515 961 649 1008 intus
672 963 975 1023 pronuncio:

207 1035 371 1095 Illum,
399 1038 459 1086 de
483 1054 580 1099 quo
604 1055 686 1086 cor
710 1041 992 1099 meditatur,

208 1112 478 1171 Corculum
491 1131 597 1163 esse
620 1132 783 1164 meum
806 1117 1198 1181 Algonquinum.

273 1194 303 1217 “
320 1190 431 1251 Qua
454 1210 542 1241 nos
566 1192 703 1254 hora,
728 1195 825 1243 heu
847 1195 858 1242 l
896 1196 1222 1253 discessimus,

208 1265 446 1317 Catellam
469 1271 592 1317 mihi
616 1287 643 1318 e
667 1272 854 1319 murice
877 1273 1076 1320 niveam

204 1345 305 1393 Pro
329 1347 534 1410 pignore
559 1348 685 1395 collo
704 1349 1032 1397 circumdedit

208 1423 472 1473 Corculum
495 1442 657 1473 meum
680 1426 1073 1489 Algonquinum.

279 1505 307 1527 “
329 1503 512 1550 Tecum
536 1503 615 1551 ibo
641 1512 780 1551 tuam
804 1506 875 1551 ad
886 1506 1118 1569 patriam
1135 1525 1151 1553 :

209 1579 496 1628 Susurravit
520 1582 771 1629 corculum
793 1598 972 1630 meum.

206 1657 386 1720 Lonye
414 1659 696 1723 lonqinqua
720 1669 794 1707 est
812 1662 987 1724 patria
1011 1677 1135 1721 mea,

207 1734 492 1798 Respondi:
536 1736 577 1785 O
602 1739 671 1784 mi
693 1738 1055 1802 Alqonquine!

275 1816 304 1838 ‘⁶
328 1814 391 1860 In
410 1814 628 1861 discessu
654 1816 848 1876 quando
872 1832 965 1878 ego
988 1818 1203 1879 respexi,
1255 1822 1257 1824 ’

205 1890 298 1938 Ille
323 1891 441 1939 item
466 1892 516 1937 in
541 1907 617 1939 me
641 1893 949 1953 respiciebat,

202 1968 367 2030 Prope
389 1969 611 2016 arborem
634 1970 686 2016 in
709 1967 838 2031 aqua
860 1970 1139 2033 prolapsam

207 2047 413 2107 Astans,
442 2047 485 2096 Ο
509 2063 672 2095 meum
697 2049 947 2096 corculum
970 2048 982 2096 Σ

278 2127 306 2150 “
324 2126 502 2188 Itaque
528 2126 587 2173 de
612 2126 938 2189 Algonquino
961 2142 1069 2175 meo

210 2203 463 2266 Cogitans,
489 2204 560 2252 sic
584 2205 720 2251 intus
743 2205 1016 2266 pronuncio
1037 2222 1051 2252 ι

209 2281 375 2339 Illum,
400 2298 612 2343 quocum
635 2298 720 2330 cor
743 2283 1132 2343 commeditatur,

209 2359 382 2407 Meum
405 2376 511 2408 esse
533 2361 741 2408 miserae
766 2360 1064 2410 corculum.''

280 2436 363 2486 Sic
387 2438 503 2485 almi
528 2438 840 2486 celebrabant
858 2439 1098 2487 convivae

210 2516 439 2564 Festivas
464 2517 759 2564 Hiawathae
778 2517 995 2579 nuptias,

213 2594 435 2642 Tandem
454 2595 630 2657 dilapsi
648 2595 957 2656 reliquerunt

213 2672 530 2721 Hiawatham
554 2669 862 2721 Minnehaha
885 2677 1186 2739 contentum.

1428 121 1491 172 79
