1650 3048
480 180 699 216 CARMEN
734 178 1080 220 HIAWATHAE,

213 310 422 357 Illorum
448 326 672 358 somnum
696 312 867 360 stellae

210 387 467 436 Insomnes
492 396 640 436 noctu
665 390 998 437 intuebantur.

211 468 294 515 Ex
317 471 518 530 quernis
543 471 737 517 insidiis
763 471 957 518 sciurus

207 534 606 595 Acer-amanteis
629 549 827 610 aspexit
847 565 861 595 x

210 624 420 672 Necnon
446 626 720 684 cuniculus,
748 626 809 673 de
831 622 1009 673 semita

211 701 376 751 Cursu
401 703 553 749 citato
577 703 788 765 elapsus,

209 779 424 827 Natibus
448 780 684 839 insidenS,
708 781 947 828 amanteis

214 856 316 906 Suo
340 873 404 905 ex
429 864 573 905 antro
595 859 840 906 observat.

278 935 569 982 Viatoribus
596 937 760 984 dulcia
784 952 899 984 aves
924 937 1145 984 carmina

209 1012 286 1060 De
310 1010 439 1060 laeta
464 1015 822 1075 tranquillitate
847 1016 1102 1062 canebant.

211 1093 242 1116 ‘³
258 1091 424 1138 Macte
449 1098 534 1138 tua
557 1091 808 1150 felicitate,
835 1091 1130 1139 Hiawatha!
1152 1091 1178 1112 ''

210 1169 381 1230 Inquit
404 1170 652 1231 cyaneola,
681 1170 853 1231 “quod
878 1171 1024 1217 talem
1048 1170 1199 1217 habes

211 1247 285 1293 Te
309 1254 579 1293 amaturam
604 1247 913 1310 conjugem.''

211 1326 241 1348 ‘⁶
265 1323 432 1371 Macte
457 1321 546 1371 tua
568 1325 764 1386 quoque
789 1324 1071 1383 felicitate,'’

209 1400 466 1448 Rubecula
487 1407 724 1459 recantat,
753 1405 782 1426 “
809 1401 853 1450 Ο
878 1401 1184 1448 Minnehaha
1206 1400 1217 1446 Ξ

209 1477 355 1538 Quod
379 1480 609 1525 maritum
632 1480 783 1527 habes
807 1480 1110 1542 egregium.'’

278 1557 356 1603 De
382 1557 530 1604 caelis
559 1556 644 1605 Sol
667 1558 883 1620 benigno

209 1634 348 1682 Inter
372 1651 533 1682 ramos
557 1635 701 1682 vultu
726 1635 980 1698 effulgens,

213 1715 242 1737 ‘⁶
268 1711 313 1760 O
337 1713 433 1760 mei
459 1711 669 1776 (inquit)
694 1713 839 1760 liberi
862 1712 873 1759 1

208 1790 368 1836 Amor
392 1797 468 1837 est
492 1806 582 1851 pro
597 1790 789 1852 jubare,
816 1791 929 1838 odia
951 1807 1041 1852 pro
1065 1791 1268 1837 umbris.

210 1868 426 1916 Umbras
451 1884 563 1915 cum
579 1868 756 1930 jubare
779 1870 953 1916 miscet
976 1876 1126 1917 aetas.

209 1945 398 1993 Amore
425 1952 477 1991 tu
502 1947 677 2008 regito,
704 1946 972 1994 Hiawatha
994 1947 1004 1993 ῐ
1023 1948 1049 1968 ”

277 2023 422 2070 Luna
444 2023 640 2084 quoque
665 2024 800 2071 caelo
825 2024 1101 2086 despiciens

211 2101 427 2164 Mystico
452 2101 656 2148 fatidica
680 2102 940 2164 splendore

209 2180 488 2226 Frondeam
511 2185 732 2241 permeat
754 2177 1026 2242 pergulam,

214 2258 546 2319 Susurratque
569 2275 580 2304 ε
618 2259 648 2282 “
674 2256 719 2306 O
743 2258 886 2305 liberi
910 2259 1008 2305 mei
1030 2258 1040 2304 !

208 2336 330 2383 Dies
354 2341 431 2383 est
455 2335 678 2398 impiger,
704 2351 805 2382 nox
830 2336 995 2397 quieta
1017 2355 1030 2391 ;

207 2414 305 2460 Vir
329 2414 634 2475 imperiosus,
660 2413 842 2460 femina
865 2414 1126 2462 imbecilla.

207 2491 319 2553 Ego
344 2492 508 2550 solem,
536 2492 609 2538 sol
632 2507 710 2539 me
735 2493 970 2553 sequitur,

208 2569 341 2615 Mihi
365 2570 622 2616 dimidium
647 2570 840 2631 imperii
864 2569 1150 2617 concedens.

209 2647 288 2694 Tu
313 2645 552 2709 patientia
574 2649 748 2710 regito,
776 2648 1083 2695 Minnehaha
1104 2648 1116 2695 1
1134 2649 1161 2670 ''

278 2723 362 2774 Sic
387 2726 585 2773 domum
607 2732 856 2773 remeant:
891 2727 1088 2774 tandem
1111 2726 1378 2774 Hiawatha

209 2801 295 2850 Ad
319 2803 514 2852 vetulae
537 2804 591 2852 Ν
593 2804 828 2851 ocomidis
851 2805 1106 2868 tugurium

736 2896 767 2928 F
803 2883 834 2929 2

1426 169 1492 216 67
