1650 3048
452 177 666 212 GARMEN
700 175 1049 211 HIAWATHAE.

190 308 464 370 Cantatque
486 314 542 355 ut
563 307 687 354 rami
711 307 959 368 suspirant

188 385 420 433 Jucundo
444 385 495 431 in
519 400 683 432 mense
707 383 973 446 fragorum.

186 463 301 510 Tibi
326 463 367 510 si
391 463 510 525 quid
534 463 802 523 displiceat,
830 461 873 510 O
900 461 1079 508 dilecta
1099 459 1111 507 1

185 541 315 588 Tum
338 557 446 589 meo
468 541 680 588 assideat
702 540 838 588 cordi
859 539 1115 596 moestitia,

187 618 260 668 Ut
282 618 475 666 lucidus
498 619 665 680 nigrat
687 617 841 664 amnis

187 695 240 743 N
242 696 412 743 ubium
434 695 621 742 umbris
645 694 845 741 offusus.

187 771 266 819 Tu
291 773 333 819 si
356 772 577 830 arrisisti,
606 770 651 820 O
674 786 783 818 mea
806 770 987 817 dilecta
1008 769 1019 815 Ξ

188 847 318 896 Tum
342 850 464 896 mihi
488 849 713 896 clarescit
737 863 822 895 cor
846 847 1113 905 turbidum,

187 926 262 975 Ut
285 926 455 989 frigidi
479 926 693 988 vestigia
716 925 852 972 venti
1030 929 1032 931 “

190 1004 252 1051 In
277 1005 500 1051 amnibus
523 1003 744 1051 relucent
769 1003 858 1049 sub
885 1002 1001 1049 sole.

189 1082 339 1129 Nunc
363 1088 497 1129 terra
518 1082 707 1128 arridet
729 1086 780 1128 et
801 1095 959 1141 aquae

190 1159 492 1221 Caelumque
518 1158 667 1220 supra
693 1173 921 1206 serenum
942 1174 955 1204 :

190 1236 289 1286 Sed
313 1252 471 1298 neque
493 1237 615 1283 haec
639 1251 797 1297 neque
821 1250 913 1298 ego
935 1234 1089 1293 rideO,

189 1315 305 1362 Nisi
328 1322 378 1362 te
401 1315 572 1362 adesse
597 1314 816 1361 sentiam.

191 1392 291 1450 Me,
316 1407 409 1451 me,
435 1397 725 1453 experrecta
747 1391 926 1452 aspice,

192 1467 329 1528 Quae
354 1469 553 1531 sanguis
581 1483 632 1516 es
657 1468 817 1515 cordis
840 1467 938 1515 mei
961 1465 1277 1528 palpitantis3

194 1546 405 1605 Dilecta,
431 1551 604 1604 amata,
630 1545 974 1607 expergiscere
997 1543 1049 1591 !''

259 1624 428 1671 Finito
453 1623 684 1672 Chibiabi
708 1623 941 1682 carmine,

198 1701 282 1752 Ad
305 1700 539 1763 Iagonem
563 1701 801 1748 convivae
826 1699 1258 1756 convertebantur,

196 1778 293 1838 Qui
318 1793 554 1826 cunarum
578 1778 856 1839 compageis
881 1777 1175 1824 Hiawathae

196 1856 280 1903 Ex
304 1852 517 1903 dissecta
539 1853 649 1902 tilia
673 1855 906 1902 confictas

197 1933 383 1981 Nervis
406 1932 677 1979 tarandinis
701 1931 1002 1979 constrinxit
1024 1950 1037 1987 3

195 2011 293 2070 Qui
316 2014 459 2058 arcfls
484 2010 785 2071 sagittasque
809 2008 1080 2056 fabricandi

193 2088 374 2136 Artem
399 2092 571 2149 postea
593 2087 874 2145 edocuit,—-—-

191 2166 267 2215 Ut
290 2169 433 2213 arcfis
457 2165 725 2212 Hiawatha
748 2180 812 2212 ex
836 2163 1047 2221 fraxino,

193 2242 410 2306 Sagittas
435 2258 462 2290 e
479 2257 671 2304 quercu
696 2242 1028 2289 concinnaret.

189 2323 356 2382 Hunc,
383 2339 547 2372 senem
570 2330 621 2372 et
645 2340 887 2371 summum
905 2323 1213 2386 jactatorem‚

196 2400 296 2450 Ore
321 2401 602 2461 deformem,
628 2408 785 2461 orant,

192 2479 267 2528 Ut
289 2478 503 2526 fabulam
526 2481 738 2542 aliquam
761 2479 970 2526 hilarem

197 2556 259 2603 In
283 2556 517 2605 honorem
540 2558 820 2619 nuptiarum
834 2561 1053 2604 enarret.

196 2634 367 2695 Atque
385 2633 467 2681 ille
490 2634 740 2696 extemplo
764 2634 1030 2695 respondet
1051 2650 1132 2680 2——

198 2710 518 2759 “Mirabilem
540 2712 815 2760 auscultate
839 2711 1056 2759 fabulam

188 2787 266 2836 De
286 2786 470 2837 Ossaeo
493 2795 640 2850 atque
658 2788 763 2850 ejus
781 2804 954 2847 uxore,

191 2865 321 2915 Filio
342 2865 525 2916 Stellae
543 2867 919 2929 Vespertinae.’'

1394 155 1458 206 73
