1708 3106
218 212 276 256 10

670 202 771 250 The
794 201 932 249 Four
967 197 1033 246 W
1026 197 1153 245 inds.

726 598 965 651 CAPUT
1005 595 1079 644 II.

670 732 830 768 VENTI
865 728 1126 775 QUATUOR.

558 828 636 894 (1)
661 828 915 877 Favonius
939 820 1248 889 (Occidens).

348 953 377 976 “
390 950 661 998 LAUmBUs
683 947 840 995 tollite
862 940 1205 1007 Magiceium,”

345 1026 696 1075 Exclamabant
718 1023 976 1071 bellatores
999 1035 1056 1067 ao
1079 1032 1233 1081 senes,

348 1103 553 1164 Quando
576 1104 769 1150 domum
792 1098 1020 1162 pervenit
1041 1092 1350 1156 triumphans

346 1181 470 1231 Cum
493 1195 628 1228 sacro
650 1184 822 1240 torque
844 1175 1058 1223 muriceo

344 1259 426 1306 Ab
448 1257 750 1320 Aquilonum
775 1253 1073 1317 regionibus,

343 1336 463 1383 Albi
486 1334 730 1383 territorio
754 1331 984 1380 cuniculi.

412 1413 724 1474 Surripuerat
748 1410 830 1457 ille
852 1408 1123 1455 muriceum
1145 1404 1277 1451 hunc
1301 1407 1524 1463 torquem

343 1491 420 1538 De
443 1490 566 1537 collo
590 1489 743 1551 Regis
767 1487 993 1544 ferarum,

341 1568 462 1616 Ursi
486 1566 698 1630 ingentis
721 1564 953 1622 montani,

345 1645 501 1704 Quem
524 1659 689 1692 omnes
713 1641 882 1705 populi
906 1638 1259 1693 formidabant3

344 1723 478 1770 Dum
494 1721 688 1783 jacebat
711 1720 925 1783 pondere
948 1716 1178 1765 inhabilis

347 1799 558 1848 Summis
582 1799 633 1845 in
654 1798 900 1845 montibus
925 1795 1207 1853 dormitans,

343 1875 509 1924 Instar
531 1877 741 1924 muscosi
765 1875 888 1934 saxi,

344 1954 516 2001 Museo
540 1954 787 2001 cinereum
808 1951 1052 1999 maculati.

412 2030 626 2080 Silenter
649 2031 732 2078 ille
755 2030 971 2090 obrepsit
992 2028 1200 2091 belluae,

344 2107 419 2155 Εὸ
438 2123 592 2169 usque
614 2113 670 2154 ut
693 2106 884 2154 tantum
906 2123 1005 2154 non
1027 2111 1187 2153 tactus

342 2184 482 2232 Rufis
506 2185 749 2247 unguibus
775 2184 1117 2231 deturbaretur
1135 2202 1149 2239 ;

343 2261 475 2308 Dum
504 2262 644 2324 gravi
666 2262 858 2308 narium
877 2262 1054 2323 spiritu

346 2338 597 2400 Tepebant
618 2342 790 2385 mansis
813 2337 1252 2400 appropinquantis
1275 2355 1288 2392 3

348 2415 517 2475 Quoad
540 2417 848 2478 protraheret
870 2417 1138 2463 muriceum
1161 2421 1385 2477 torquem

351 2492 505 2555 Super
528 2494 687 2541 aureis
710 2494 943 2540 rotundas
965 2509 1064 2540 non
1087 2493 1347 2551 audientis,

351 2570 507 2633 Super
530 2572 694 2619 oeulos
718 2571 924 2634 exiguos
948 2586 1048 2618 non
1072 2571 1301 2630 videntis,

352 2647 509 2710 Super
533 2654 740 2696 rostrum
757 2663 1012 2710 procerum
1035 2650 1331 2711 nigrumque
1352 2668 1365 2705 ς

347 2725 494 2775 Unde
516 2728 704 2775 narium
728 2729 857 2776 calor
882 2728 1120 2775 anhelans

347 2803 561 2854 Affiabat
582 2807 804 2856 manibus
826 2806 1078 2870 Magioeii.
