1650 3048
417 197 632 239 GARMEN
666 202 1010 238 mAwATHAn.
1363 190 1427 235 25

152 336 228 384 Eo
252 331 337 383 ubi
361 337 498 384 cervi
522 341 896 399 congregantur.

152 413 403 462 Grandem
425 420 479 461 tu
504 429 726 476 capream
751 413 976 470 occidito,

150 490 427 540 Cornutum
451 492 592 539 nobis
617 492 808 538 damam
831 490 1048 537 afferto.''

217 570 369 617 Foras
393 575 626 631 protenus
650 570 702 615 in
726 569 901 615 silvam

154 646 417 709 Solivagus
441 647 645 694 incessit
663 646 930 693 Hiawatha

152 724 494 784 Exsustanter,
521 739 632 771 cum
657 739 773 770 arcu
797 729 848 770 et
871 723 1069 786 sagittis
1095 742 1109 778 3

148 801 446 863 Circumque
469 818 526 849 ac
553 799 703 863 supra
726 815 857 859 aves,

148 882 178 904 “
194 879 274 927 Ne
299 895 386 926 nos
410 886 465 926 tu
489 879 683 937 ferias‚'’
708 880 966 926 canebant.

144 957 362 1004 Iterabat
384 956 631 1015 rubecula,
658 957 908 1019 cyaneola,

147 1037 175 1060 ‘⁶
191 1035 270 1082 Ne
296 1051 383 1082 nos
407 1041 463 1081 tu
488 1034 650 1092 ferias,
677 1035 944 1081 Hiawatha
966 1034 1017 1080 !''

215 1112 373 1173 Super
396 1127 631 1174 quercum
656 1112 930 1173 proximam
948 1110 1102 1172 juxta

145 1190 369 1237 Exsiluit
394 1190 584 1237 sciurus
610 1187 776 1236 erecta
799 1186 971 1247 cauda,

148 1266 308 1329 Seque
333 1268 538 1314 induens
557 1282 747 1314 exuens
765 1266 1021 1313 frondibus

144 1348 382 1406 Tussivit,
409 1348 617 1410 garrivit
640 1363 667 1395 e
692 1362 893 1409 quercu,·

143 1426 331 1472 Ridens
352 1445 364 1482 3
400 1430 546 1486 atque
572 1426 698 1472 inter
720 1415 997 1484 ridendum,

146 1503 269 1550 “Ne
293 1518 369 1550 me
395 1502 556 1561 ferias,
584 1503 853 1549 Hiawath‘a
875 1502 924 1549 !''
961 1503 1137 1565 inquit.

207 1581 422 1642 Jamque
446 1596 472 1628 e
499 1578 675 1628 semita
699 1581 957 1628 cuniculus

138 1659 200 1706 In
223 1659 474 1720 obliquum
497 1659 692 1720 prosilit
713 1676 724 1705 ε
759 1659 829 1705 ibi
851 1658 997 1722 longe

138 1736 354 1783 Natibus
379 1737 550 1783 insidit
574 1741 785 1796 erectus,

141 1814 209 1860 Et
232 1821 455 1861 metuens
479 1820 529 1860 et
554 1815 698 1860 simul
722 1814 918 1861 lusurus
936 1834 949 1870 ;

141 1892 291 1953 Isque
309 1890 486 1953 juveni
514 1891 677 1952 inquit
702 1892 925 1938 venatori
948 1909 960 1938 :

143 1972 171 1993 “
187 1969 267 2016 Ne
290 1984 368 2016 me
393 1975 448 2014 tu
467 1968 627 2027 ferias,
656 1969 925 2016 Hiawatha
944 1969 955 2016 l
976 1970 1001 1990 ”

208 2045 328 2093 Istis
348 2046 431 2094 ille
454 2061 612 2107 neque
635 2047 852 2093 animum
877 2062 1036 2108 neque
1055 2048 1215 2096 aureis
1232 2049 1384 2106 dedit,

141 2124 214 2172 Ut
238 2125 323 2186 qui
349 2124 408 2171 de
429 2124 591 2171 cervis
615 2123 807 2170 tantum
832 2125 1085 2187 cogitaret.

139 2201 336 2248 Horum
360 2202 655 2248 observabat
674 2202 901 2264 vestigia,

142 2278 279 2338 Quae
303 2280 365 2325 ad
390 2294 581 2326 amnem
606 2278 894 2326 deferebant
919 2280 1086 2328 oculos

141 2357 407 2418 Ipsumque
432 2358 494 2403 ad
512 2358 669 2403 amnis
693 2358 876 2404 vadum
899 2376 913 2413 ;

139 2434 207 2481 Et
230 2441 466 2496 tanquam
491 2435 739 2481 somnians
765 2435 1077 2496 procedebat.

206 2510 347 2558 Inter
371 2512 594 2558 alnorum
619 2513 791 2559 dumos
815 2514 1096 2560 reconditus

142 2588 416 2636 Cervorum
441 2590 709 2637 adventum
733 2591 1094 2651 opperiebatur,

142 2666 314 2713 Donec
338 2681 520 2714 cornua
543 2668 639 2714 duo
663 2668 818 2714 sensit
843 2668 1106 2729 sublevari,

138 2743 252 2790 Duo
271 2744 436 2791 oculos
455 2760 481 2791 e
506 2746 700 2791 dumeto
724 2746 1020 2806 prospicere,

143 2821 257 2868 Duo
281 2823 441 2870 nareis
467 2823 528 2870 ad
551 2828 754 2871 ventum
780 2824 931 2888 dirigi
954 2842 965 2872 :
