1650 3048
196 191 256 237 56

421 180 725 249 Expedition
749 176 953 240 aqainst
976 171 1056 221 the
1081 165 1362 231 Maqician.

704 658 944 711 CAPUT
979 657 1077 705 IX.

635 815 810 850 MAGI
867 807 1153 847 CAEDEs.

322 945 386 993 IN
404 941 655 990 littoribus
679 937 906 1000 aequoris
932 936 1037 994 lati,

320 1019 480 1071 Lacfis
503 1016 793 1067 immensum
814 1013 1097 1070 relucentiS,

324 1099 537 1148 Astabat
559 1094 795 1143 Nocomis
818 1091 1003 1149 vetula,

322 1176 492 1225 Indice
516 1174 674 1237 digito
697 1185 844 1233 super
867 1165 998 1230 aqua

324 1253 642 1306 Occidentem
665 1250 902 1297 denotans
924 1245 1180 1307 regionem

322 1332 461 1381 Inter
484 1342 755 1392 purpureas
778 1321 1001 1387 vesperis
1024 1320 1219 1369 nubeis.

328 1409 414 1459 Sol
436 1407 614 1455 rutilus
635 1405 836 1465 delapsu
854 1402 1013 1463 atroci>

327 1485 479 1536 Caelo
502 1482 728 1531 inurebat
748 1480 983 1536 semitam,

325 1562 561 1611 Incendia
582 1574 708 1623 pone
733 1574 784 1606 se
807 1571 1043 1619 spargens
1066 1573 1079 1610 3

333 1640 473 1690 Sicut
494 1638 667 1696 hostis,
692 1636 777 1699 qui
802 1633 1053 1682 immensis
1078 1632 1129 1679 in
1155 1628 1314 1693 pratis

325 1714 486 1766 Lenta
507 1715 694 1763 recedit
717 1710 850 1776 fuga,

331 1794 432 1844 Sua
448 1793 657 1855 vestigia
678 1790 913 1838 incendit.

330 1872 471 1930 Mox,
495 1869 724 1917 nocturni
748 1869 906 1914 instar
930 1864 1062 1922 solis,

327 1949 485 2006 Luna,
511 1945 656 2009 pleno
680 1959 763 1993 ore
786 1944 1007 2000 adversa,

328 2026 411 2073 Ex
435 2024 627 2071 insidiis
650 2026 850 2084 repente
875 2020 1154 2081 insurgens,

329 2103 392 2150 In
415 2098 618 2150 cruenta
643 2099 812 2147 fratris
837 2094 1000 2145 orbita

327 2179 506 2242 Urget,
533 2177 679 2225 vultu
704 2174 914 2223 discolor

329 2256 412 2304 Ex
436 2255 581 2318 igneo
601 2254 735 2301 illius
758 2252 967 2316 fulgore.

396 2332 527 2381 Tum
549 2331 717 2380 vetula
738 2329 972 2379 Nocomis
994 2328 1058 2376 ad
1081 2342 1305 2376 occasum

330 2409 502 2458 Indice
526 2408 682 2472 digito
705 2409 958 2467 denotans,

332 2486 473 2534 Talia
490 2485 783 2534 Hiawathae
806 2487 878 2532 ait
899 2500 913 2531 ι

336 2566 364 2588 “
378 2563 492 2611 Illic
513 2563 706 2611 habitat
727 2578 982 2625 magorum
1003 2560 1265 2620 maximus,

333 2638 633 2687 Divitiarum
656 2655 713 2688 ac
735 2639 937 2687 muricis
962 2639 1183 2698 daemon,

335 2714 634 2780 Margaritea
655 2714 819 2780 penna
841 2717 1052 2781 insignis
1074 2734 1088 2774 3

337 2792 493 2855 Cujus
515 2793 568 2841 in
591 2799 763 2857 stagno
785 2794 926 2857 piceo
