1650 3048
240 176 302 220 38

738 168 894 216 Hard
926 167 1140 229 Victory.

369 316 447 363 Tu
471 315 615 363 modo
635 315 740 376 ipse
759 313 927 360 obiens
951 311 1211 367 custodito,

366 394 536 441 Donec
555 392 798 454 evigilabo
821 406 879 437 ac
904 390 1050 436 vivus
1074 401 1347 449 resurgam,

369 470 708 530 Exsiliamque
734 468 785 514 in
809 467 1031 528 apricum
1047 464 1245 527 jubar.’'

435 547 576 593 Talia
598 545 771 594 effatus
796 544 1036 591 discessit.

368 624 442 670 At
466 639 554 685 per
575 623 793 684 quietem
817 620 1085 668 Hiawatha

366 701 736 763 Caprimulgum
759 698 1021 746 vociferari
1045 696 1273 743 audiebat

365 777 572 826 Casulae
592 776 836 823 solitariae
862 775 1174 832 insidentem,

367 855 755 916 Torrentemque
779 853 925 900 allabi
944 851 1097 913 juxta

367 931 681 980 Garrientem
702 930 889 977 nemori
914 929 1197 990 caliginoso.

368 1008 593 1070 Suspiria
616 1008 855 1055 sentiebat
878 1006 1130 1052 frondium

361 1083 505 1132 Aura
529 1081 770 1131 nocturna
795 1084 1128 1130 submotarum
1150 1075 1181 1127 :¹

368 1162 516 1209 Haud
543 1177 698 1220 secus,
720 1160 868 1222 quam
893 1160 1002 1221 quis
1023 1158 1267 1206 dormiens

361 1239 618 1285 Murmura
631 1239 768 1285 audit
782 1238 1064 1300 longinqua,
1080 1251 1304 1283 susurros
1322 1235 1640 1282 somniorum.

364 1316 446 1364 Sic
469 1316 742 1377 tranquille
756 1316 1040 1376 quiescebat
1064 1314 1346 1360 Hiawatha.

424 1393 630 1440 Postero
648 1398 811 1439 autem
836 1391 914 1439 die
939 1391 1190 1449 Nocomis,

369 1469 588 1532 Septimo
615 1470 699 1516 illo
717 1469 901 1531 jejunii
926 1470 1019 1527 die,

358 1547 535 1595 Cibum
559 1547 854 1594 Hiawathae
878 1547 1128 1593 advehens

355 1624 482 1673 Cum
506 1625 733 1685 precibus
756 1639 813 1671 ac
831 1624 950 1670 fletu
972 1624 1127 1681 venit,

356 1700 409 1747 N
411 1717 437 1748 e
455 1700 582 1748 fame
607 1701 896 1748 devincatur

360 1778 428 1825 Et
452 1794 540 1840 per
555 1776 804 1839 jejunium
828 1784 1010 1839 pereat.

355 1855 515 1917 Atqui
539 1855 622 1902 ille
646 1871 803 1917 neque
827 1856 1051 1917 gustavit
1073 1870 1233 1916 neque
1256 1854 1425 1918 tetigit
1445 1874 1459 1910 ;

357 1933 506 1979 Dixit
530 1934 879 1992 tantummodO,
908 1935 936 1984 ‘,‘
955 1931 998 1980 O
1023 1933 1259 1981 Nocomis
1281 1932 1294 1980 1

356 2008 622 2071 Opperitor
644 2025 869 2056 occasum
893 2010 1023 2069 solis,

355 2087 487 2133 Dum
510 2087 739 2134 tenebrae
763 2088 947 2134 circum
970 2095 1130 2146 ruant,

355 2163 559 2222 Quando
578 2180 605 2211 e
629 2165 782 2211 vastis
808 2165 910 2212 suis
945 2166 1208 2227 paludibus

358 2238 578 2288 Stridula
603 2257 722 2289 voce
746 2242 892 2289 ardea

353 2319 681 2366 Proclamabit
705 2321 893 2367 finitam
917 2320 1124 2369 lucem.''

419 2396 632 2442 Domum
654 2397 890 2445 Nocomis
907 2398 1030 2446 flens
1053 2399 1197 2458 redit,

360 2473 652 2521 Hiawathae
678 2490 766 2521 suo
790 2475 983 2535 timens,

355 2549 435 2597 Ne
458 2551 607 2598 nimio
624 2550 817 2613 jejunio
841 2554 1121 2602 emoriatur.

352 2626 451 2673 Ast
475 2628 572 2686 ille,
600 2630 813 2677 sessione
839 2630 1075 2690 defessus,

348 2702 636 2752 Adventum
655 2707 805 2754 Zeani
830 2715 1101 2770 exspectat,

348 2779 515 2829 Donec
534 2783 744 2842 umbrae,
769 2785 1073 2848 longioribus
1091 2787 1238 2835 lineis
