1650 3048
206 200 269 246 46

659 185 977 237 Hiawatha’s
1000 181 1152 230 Boat.

700 714 940 766 CAPUT
985 711 1109 759 VII.

625 878 957 916 HIAWATHAE
1005 873 1199 911 CYMBA.

413 1021 493 1085 (1)
561 1017 770 1066 Betulae
794 1015 925 1063 dixit
947 1011 1228 1067 Hiawatha,

348 1105 376 1126 “
396 1099 596 1149 Gilvam
619 1096 681 1142 da
702 1093 826 1141 mihi
850 1092 1083 1139 corticem
1107 1094 1178 1146 tu,

347 1177 484 1237 Quae
506 1189 697 1222 amnem
713 1171 864 1233 juxta
885 1168 1110 1230 rapidum
1147 1165 1198 1211 in
1224 1162 1355 1210 valle

347 1253 562 1302 Excelsa
585 1256 635 1299 et
658 1263 864 1311 procera
888 1245 1068 1294 crescis
1095 1243 1106 1291 1

349 1331 584 1391 Cymbam
612 1327 721 1375 volo
746 1326 911 1373 levem
936 1328 1216 1379 contexere,

349 1408 621 1471 Navigium
645 1421 792 1453 cursu
818 1404 996 1461 celere,

353 1487 496 1547 Quod
521 1499 707 1532 summo
731 1481 862 1529 amni
887 1481 1078 1527 innatet

353 1564 507 1612 Velut
528 1560 805 1609 Auctumni
829 1558 1017 1614 folium,

353 1641 508 1689 Velut
531 1640 722 1686 lfiteum
745 1636 960 1698 aquatile
985 1634 1158 1680 lilium.

354 1718 533 1778 Quare,
560 1714 605 1763 O
629 1714 810 1763 Betula
831 1713 841 1760 1
879 1711 1059 1774 pallam
1082 1716 1217 1757 tuam

353 1796 515 1843 Albae
539 1794 666 1841 cutis
691 1791 1016 1848 involucrum,
1042 1803 1171 1836 exue
1191 1806 1204 1843 ;

354 1873 486 1922 Nam
508 1871 662 1928 adest,
690 1867 833 1916 ecce!
870 1872 1061 1921 aestas3

361 1949 446 1998 Sol
470 1950 523 1996 in
546 1947 680 1995 caelo
704 1945 920 2003 calescit,

354 2027 532 2088 Neque
551 2025 654 2087 jam
677 2027 965 2085 tegumento
989 2026 1065 2068 est
1089 2020 1260 2082 opus.''

422 2104 565 2151 Talia
586 2097 765 2164 magna
789 2115 909 2147 voce
932 2098 1200 2145 Hiawatha

361 2182 528 2231 Sclum
552 2195 639 2241 per
666 2179 846 2226 saltum
870 2177 1091 2223 insonuit

359 2258 547 2321 Rapide
573 2255 821 2304 delabenti
846 2254 1263 2315 Taquamenavio‚

357 2338 491 2384 Dum
512 2350 629 2382 aves
657 2348 867 2401 superne
891 2332 1117 2378 hilariter

359 2414 532 2461 Mense
554 2411 772 2459 florifero
797 2409 1117 2457 cantillabant
1136 2427 1149 2464 ;

360 2492 428 2538 Et
450 2491 695 2538 caelorum
717 2489 884 2535 lumen
906 2487 1178 2533 maximum

367 2568 449 2617 Sol
473 2572 791 2628 experrectus
817 2580 1003 2623 somno,

363 2645 613 2692 Exsiliens
638 2643 889 2701 clamabat,
919 2644 947 2666 “
968 2642 1100 2688 Ecce
1125 2656 1200 2687 me
1220 2640 1269 2686 1”

364 2722 438 2769 At
460 2722 601 2768 arbor
625 2722 676 2767 in
700 2717 819 2768 aura
841 2716 1089 2766 matutina¹

367 2798 583 2848 Cunctos
608 2814 693 2861 per
715 2814 874 2845 ramos
899 2798 1086 2861 agitata
