1650 3048
195 195 252 241 12

655 187 758 236 The
781 184 909 232 East
943 182 1006 232 W
1002 182 1105 230 ind.

324 335 616 394 Calvamque
640 332 684 379 ei
708 331 776 378 sic
800 327 1055 390 confregit,

324 412 398 461 Ut
419 410 622 474 glaciem
645 408 855 470 piscator
877 405 1128 451 hibernus.

327 487 410 537 Sic
433 487 618 535 occisus
641 490 714 532 est
738 484 849 530 Rex
873 481 1098 539 ferarum,

326 564 553 613 Omnium
576 562 793 625 gentium
816 557 1037 615 formido,

326 642 486 690 Ursus
510 639 593 687 ille
618 639 789 701 ingens
812 640 1089 683 montanus.

393 716 678 764 “Laudibus
701 714 859 761 tollite
882 710 1228 773 Magiceium,''

327 795 506 844 Omnes
529 793 853 842 acclamabant
875 792 1071 854 populi:

328 878 356 900 “
371 875 566 922 Exinde
589 874 671 921 ille
693 875 787 921 erit
809 889 897 935 pro
915 872 1150 920 Favonio.

325 951 496 1013 Usque
521 951 695 998 dehinc
720 950 898 997 Ventis
923 948 1283 1003 dominabitur3

324 1028 430 1076 Nec
446 1028 548 1090 jam
570 1026 894 1088 appellabitur
916 1026 1216 1088 Maqiceius,

329 1108 425 1158 Sed
448 1108 700 1155 Favonius
723 1108 924 1168 posthac
947 1106 1251 1155 vocabitur.’'

391 1184 474 1234 Sic
495 1185 589 1232 fuit
611 1185 857 1247 Magiceio
881 1184 1076 1232 decreta

322 1262 491 1309 Patria
514 1267 726 1323 potestas
751 1262 801 1307 in
825 1267 997 1309 ventos
1022 1261 1162 1310 coeli.

323 1339 594 1386 Favonium
617 1340 710 1400 ipsi
735 1339 826 1385 sibi
850 1339 1077 1399 obtinuit,

324 1414 521 1465 Ceteros
544 1416 642 1462 suis
667 1416 833 1463 liberis
857 1417 1143 1479 assignavit.

322 1492 574 1540 Matutino
598 1493 732 1539 dedit
759 1493 1094 1553 Subsolanum,

322 1568 523 1616 Aestivo
547 1569 789 1616 Austrum
814 1570 950 1617 dedit
970 1588 982 1617 ε

321 1644 618 1706 Aquilonem
641 1646 797 1694 ferum
819 1662 875 1694 ac
899 1647 1144 1696 crudelem

325 1721 476 1769 Truci
498 1724 766 1787 assignavit
788 1722 1007 1773 Arctico.

535 1974 614 2040 (2)
643 1975 954 2025 Subsolanus
978 1975 1228 2042 (Oriens).

383 2102 594 2151 Juvenis
617 2109 667 2151 et
689 2104 857 2166 pulcer
880 2111 984 2153 erat
1007 2105 1302 2166 Matutinus,

320 2179 387 2227 Et
404 2180 669 2228 diluculum
693 2197 857 2229 secum
882 2183 1104 2231 ducebat.

320 2255 539 2318 Hujusce
561 2266 814 2321 argenteae
839 2260 1045 2322 sagittae

322 2332 576 2396 Fugabant
599 2336 857 2398 caliginem
880 2352 909 2383 a
927 2337 1063 2396 colle,
1089 2353 1118 2385 a
1136 2339 1277 2387 valle.

323 2409 455 2457 Huic
480 2427 631 2474 genae
650 2429 844 2475 quoque
867 2414 1195 2477 pingebantur

324 2486 603 2536 Clarissimo
620 2489 923 2547 Phoenicum
947 2491 1106 2539 colore
1128 2508 1140 2540 :

322 2563 553 2625 Ejusdem
575 2582 673 2613 vox
697 2568 989 2616 discutiebat
1013 2585 1233 2618 somnum

322 2640 541 2702 Vicoque
563 2648 612 2689 et
635 2645 792 2691 cervis
816 2651 867 2693 et
890 2648 1222 2697 venatoribus.

391 2716 645 2767 Solitarius
669 2721 720 2767 in
743 2723 875 2770 caelo
899 2722 994 2771 fuit
1016 2724 1309 2775 Matutinus.

324 2792 609 2857 Quanquam
631 2812 745 2846 aves
763 2800 808 2847 ei
833 2801 1070 2851 canebant
1093 2803 1318 2853 hilariter
1340 2823 1355 2862 ;
