1650 3048
147 199 210 243 94

673 193 778 241 The
812 193 866 241 F
861 194 1040 241 amine.

342 334 479 395 Quae
504 337 586 383 diu
610 337 663 383 in
688 330 855 382 casula
875 338 1140 390 morantur,

342 415 544 462 Tacitae
567 414 852 475 plerumque
875 417 1022 472 atque
1046 410 1289 457 immota-e.

345 492 506 541 Semel
530 491 718 538 tantum
741 492 918 550 rupere
941 502 1113 534 vocem

339 569 468 619 Cum
489 570 679 616 monitu
702 582 758 614 ac
782 566 890 613 miti
914 579 1151 623 sermone,

338 648 521 694 Intima
543 650 852 708 pertentante
876 642 1192 705 praecordia;

339 725 470 772 Dein
494 723 656 771 subita
680 722 954 783 insequitur
979 720 1267 767 obscuritas.

337 802 481 849 Nihil
505 802 587 848 ille
610 801 753 862 plene
778 799 1010 860 dispexit,

340 879 439 928 Sed
462 879 675 925 vestium
699 877 890 924 audivit
914 876 1156 937 crepitum

338 956 441 1006 Sub
465 956 575 1003 velo
599 955 798 1002 tentorii
823 953 1254 1015 praetereuntium.

334 1034 645 1081 Nocturnum
669 1032 820 1078 sensit
843 1030 1014 1092 frigus,

334 1111 467 1159 Dum
492 1110 653 1157 sidera
678 1108 1013 1171 perstrinxere
1037 1106 1236 1163 oculos;

303 1195 305 1197 ’
334 1189 402 1235 Et
426 1194 657 1250 protenus
682 1184 843 1233 abisse
868 1186 1106 1247 comperit

331 1266 555 1313 Nuncios
580 1265 702 1322 illos,
728 1264 914 1310 mancis
937 1269 1256 1321 mortuorum,

332 1344 417 1391 Ad
442 1349 622 1390 terram
646 1342 825 1388 Futuri
854 1342 1075 1388 reduces.

396 1421 642 1480 Ceterum,
668 1421 793 1482 proh
818 1420 975 1466 tristis
999 1420 1172 1478 hiems,

328 1500 590 1557 Diuturna,
617 1499 782 1556 edura,
809 1496 1050 1545 crudelis!

330 1576 545 1638 Spissior
569 1582 620 1624 et
645 1591 837 1637 semper
863 1575 1066 1636 spissior
1090 1574 1288 1638 glacieS,

323 1654 491 1701 Altior
515 1660 565 1700 et
591 1669 782 1714 semper
805 1653 950 1699 altior
975 1653 1080 1710 nix,

327 1731 465 1791 Quae
489 1747 618 1791 rura,
646 1732 809 1789 silvas,
836 1731 972 1777 vicos
997 1730 1174 1788 obruit,

322 1810 384 1856 In
410 1809 621 1856 tumulos
647 1809 892 1871 ingenteis
916 1809 1171 1855 ventilata.

320 1887 426 1934 Vix
450 1902 477 1934 e
501 1887 692 1948 sepulto
716 1886 917 1948 tugunio

318 1964 386 2011 Vi
409 1961 567 2011 multa
591 1979 640 2011 se
666 1964 943 2011 extricabat
965 1969 1185 2021 venator,

318 2041 419 2101 Qui
442 2057 554 2089 cum
577 2041 822 2088 caestibus
846 2041 1029 2103 passim
1054 2041 1203 2088 silvas

319 2119 475 2168 Sole’is
500 2120 703 2165 nivariis
728 2135 1014 2181 pervagans,

313 2197 472 2245 Aveis
496 2197 720 2258 ferasque
744 2197 1031 2258 anquirebat
1056 2196 1253 2244 frustra.

316 2275 443 2324 Sane
467 2276 693 2338 vestigiis
718 2275 897 2336 pedum
922 2275 1095 2323 deletis

310 2350 504 2399 Pallida
529 2353 579 2399 in
605 2350 731 2400 silva
755 2352 918 2399 dirfim
941 2354 1196 2412 albicante,

307 2430 556 2477 Plurimus
582 2437 786 2477 venator
812 2431 1095 2478 debilitatus

307 2508 465 2554 Periit
490 2515 608 2555 tunc
633 2508 759 2556 fame
784 2525 840 2556 ac
865 2508 1065 2572 frigore.

305 2585 475 2647 Aegra
498 2585 593 2632 fuit
616 2586 777 2645 tellus,
803 2590 887 2634 aer
913 2586 1194 2643 famelicus;

307 2662 451 2723 Ipsae
478 2664 527 2709 in
553 2665 749 2712 aethere
776 2665 1110 2712 scintillabant
1135 2665 1303 2712 stellae

306 2739 459 2786 Velut
483 2741 710 2803 luporum
734 2743 863 2790 oculi
888 2742 1241 2790 famelicorum.

308 2816 527 2865 Tandem
552 2820 603 2865 in
629 2820 921 2869 Hiawathae
945 2821 1158 2869 casulam
