1650 3048
211 185 275 231 36

589 176 909 226 Hiawatha's
945 173 1234 236 Wrestlinq.

343 325 417 374 Ut
440 321 570 371 nova
590 323 807 384 repletus
830 317 939 387 vita,>
959 338 972 375 ;

341 403 554 463 Jamque
579 415 689 461 spes
712 404 763 446 et
785 397 1016 445 audentia
1038 402 1089 444 et
1112 397 1254 458 vigor

342 481 442 528 Per
465 485 635 541 pectus
658 491 935 537 nervosque
960 474 1256 521 subsultant.

410 557 488 603 Ibi
513 556 602 602 sub
625 550 860 601 rutilante
885 552 1080 614 vesperi

348 633 752 683 colluctabantur
778 632 883 678 sine
905 631 1000 678 fine
1022 647 1034 676 ι

351 710 449 760 Sed
473 716 656 771 quanto
681 715 870 756 certant
895 708 1250 766 vehementius,

347 788 580 850 Augetur
604 788 680 833 vis
705 787 1015 844 Hiawathae,

347 864 520 912 Donec
543 869 696 910 ruunt
720 864 904 910 circum
928 863 1159 909 tenebrae

345 941 516 1002 Atque
540 942 685 987 ardea
709 941 809 987 suis
834 956 861 987 e
885 940 1104 987 latibulis

349 1018 488 1065 Inter
511 1017 715 1079 paludes
740 1017 1007 1078 strepitans
1175 1071 1178 1073 μ

348 1096 582 1143 Dolorem
604 1110 660 1141 ae
686 1093 863 1141 famem
887 1095 1164 1155 profitetur.

351 1173 492 1219 Tunc
518 1172 723 1230 Zeanus,
752 1174 780 1196 “
798 1171 835 1218 J
837 1187 916 1218 am
940 1172 1058 1218 satis
1082 1171 1204 1230 est,’'

350 1250 644 1296 Hiawathae
667 1249 890 1295 arridens
915 1249 1079 1310 inquit
1103 1266 1115 1296 ε

352 1329 381 1351 “
405 1326 501 1375 Sed
525 1342 647 1385 cras,
676 1326 774 1373 sole
799 1327 1071 1385 occidente,

351 1403 538 1451 Iterum
566 1410 614 1451 te
638 1404 784 1450 venio
809 1403 1115 1464 probatum.”

419 1481 515 1527 His
540 1482 703 1539 dictis,
730 1481 864 1528 illico
888 1482 1121 1528 evanuit:

355 1558 554 1617 Utrum,
583 1559 722 1605 velut
744 1558 927 1619 pluvia,
954 1559 1227 1620 absorptus,

353 1635 516 1694 Anne,
544 1635 681 1682 velut
705 1636 897 1695 nebula,
926 1637 1192 1697 dispersus,

354 1713 531 1774 Neque
556 1714 683 1759 vidit
706 1729 864 1774 neque
891 1714 1075 1760 sciebat
1100 1714 1382 1762 Hiawatha.

355 1790 630 1837 Evanuisse
653 1791 795 1837 modo
820 1791 961 1837 illum
985 1793 1153 1851 sensit,

360 1866 520 1928 Seque
545 1867 815 1914 desolatum
839 1868 1060 1928 deficere,

357 1944 490 1991 Dum
513 1945 647 1991 lacus
672 1951 808 2006 patet
833 1947 1003 1992 subter
1026 1946 1305 2005 nebulosus,

358 2021 425 2068 Et
451 2037 659 2083 superne
683 2028 856 2069 natant
881 2029 1028 2071 astra.

425 2098 545 2147 Cras
569 2105 714 2161 atque
740 2107 937 2161 postero
962 2102 1041 2149 die
1059 2121 1072 2158 ;

360 2175 566 2235 Quando
595 2177 679 2225 Sol
704 2194 792 2239 per
816 2180 1003 2226 coelum
1030 2180 1345 2240 descendens,

361 2254 615 2316 Tanquam
640 2272 799 2317 pruna
822 2258 974 2304 rutila
998 2264 1144 2319 atque
1168 2259 1344 2307 ardens

359 2332 403 2378 E
427 2333 658 2380 Numinis
687 2332 916 2395 Supremi
940 2334 1065 2394 foco,

361 2409 422 2456 In
447 2426 597 2471 aquas
621 2412 851 2458 occiduas
877 2413 1165 2475 degreditur
1188 2433 1200 2469 3

362 2486 515 2533 Venit
540 2488 730 2535 Zeanus
754 2489 806 2535 in
831 2496 1096 2549 certamen,

365 2563 518 2610 Venit
541 2566 835 2626 probaturus
860 2567 1194 2627 Hiawatham,

366 2640 602 2688 Adventu
626 2644 878 2703 obscurus,
906 2645 1121 2707 ignotus,

365 2718 439 2766 Ut
462 2735 541 2765 ros
565 2735 630 2766 ex
655 2721 789 2767 inani
812 2726 1020 2785 apparet

365 2795 433 2843 Et
454 2812 622 2844 rursus
647 2799 699 2845 in
722 2799 867 2848 inane
889 2802 1035 2859 redit,
