1650 3048
465 174 681 209 CARMEN
718 173 1062 206 HIAWATHAE.

569 570 811 619 CAPUT
845 570 940 618 VI.

497 714 649 749 AMICI
687 713 1038 747 HIAWATHAE.

201 842 345 889 DUos
371 856 486 903 prae
512 841 689 888 ceteris
714 841 895 888 amicos

193 919 461 966 Hiawatha
484 918 629 965 unice
656 919 894 981 diligebat

193 994 379 1043 Intima
404 996 660 1043 devinctos
684 997 1048 1043 necessitudine
1068 1015 1081 1052 3
1107 1001 1111 1005 '

196 1072 428 1136 (Quibus,
455 1074 562 1120 sive
587 1074 808 1136 gaudens
834 1075 939 1121 sive
965 1074 1136 1121 dolens

196 1152 467 1198 Dexteram
491 1151 651 1198 cordis
680 1152 962 1214 porrigebat
979 1151 1015 1216 ς)

201 1227 508 1284 Chibiabum,
534 1229 748 1275 musicae
773 1223 1000 1290 pe‘ritum,

192 1308 365 1367 Atque
388 1305 643 1352 hominum
668 1306 1026 1353 validissimum
1058 1306 1393 1364 Quasindam.

257 1384 453 1445 Aperta
477 1383 607 1429 inter
630 1383 721 1430 hos
746 1390 846 1430 tres
872 1384 1047 1431 semita

190 1460 459 1522 Nunquam
484 1465 560 1507 est
584 1459 681 1506 situ
707 1461 918 1509 obsessa.

193 1538 331 1600 Ergo
353 1553 518 1585 rerum
541 1537 781 1585 malarum
808 1539 1111 1602 vulgatoreS,

191 1615 331 1662 Aves
355 1614 600 1661 fallaciam
623 1615 914 1677 garrientes,

187 1693 414 1740 Auribus
440 1693 600 1739 delata
621 1693 873 1741 hausturis

188 1770 445 1828 Carebant,
471 1785 630 1831 neque
655 1771 784 1819 inter
807 1772 955 1820 hosce

192 1846 479 1896 Simultates
503 1854 732 1908 poterant
756 1865 938 1897 serere.

191 1925 322 1972 Nam
347 1926 476 1972 inter
502 1943 553 1974 se
580 1933 747 1989 aperte
773 1927 1108 1990 colloquentes

192 2003 413 2051 Consilia
436 2012 607 2051 mutuo
631 2005 922 2063 reticebant,

190 2081 324 2127 Dum
347 2082 624 2142 ponderant
646 2089 795 2144 atque
820 2083 1110 2144 excogitant

190 2158 265 2206 Ut
288 2159 524 2206 humanas
548 2166 840 2222 prosperent
864 2161 1073 2222 genteis.

260 2235 558 2284 Carissimus
581 2237 727 2299 longe
752 2237 1046 2285 Hiawathae

189 2314 339 2361 Lenis
365 2315 449 2362 ille
474 2314 744 2363 Chibiabus
769 2315 879 2374 fuit,

188 2392 343 2439 Manu
369 2394 699 2454 peritissimus
724 2394 955 2453 musicae,

190 2468 328 2517 Voce
352 2478 550 2519 cantare
576 2472 911 2518 suavissimus.

185 2546 366 2595 Pulcer
390 2548 473 2596 ille
498 2555 549 2596 et
572 2565 807 2612 perquam
832 2549 1058 2611 simplex,

185 2623 360 2672 Fortis
378 2626 471 2685 vir,
492 2624 707 2674 feminea
731 2628 1010 2686 teneritate,

189 2702 401 2751 Flexilis
426 2705 582 2752 instar
606 2705 823 2767 salignae
847 2706 1033 2768 virgae,

187 2780 263 2829 Ut
286 2796 461 2829 cervus
485 2789 722 2830 cornutus
746 2783 984 2831 eminens.

1401 157 1466 202 43
