1650 3048
396 202 612 238 CARMEN
646 201 992 238 HIAWATHAE.

132 335 318 383 Ursum
340 339 639 391 montanum,
665 333 908 381 interemi.

129 412 355 470 Demum,
381 427 533 473 quum
557 411 649 457 tibi
673 410 853 457 Mortis
876 409 1006 457 oculi

128 490 228 537 Per
252 489 477 536 tenebras
501 488 735 535 horrendi
758 487 1078 551 affulgebunt‚

128 566 239 629 Ego
264 571 427 613 tecum
450 581 657 627 regnum
681 565 1065 613 communicabo.

128 644 328 691 Exinde
351 649 407 690 tu
432 643 584 692 Cauri
607 643 837 704 accipieS,

128 721 283 769 Venti
306 721 599 780 Penetralis‚
624 721 893 783 regimen.’'

195 799 332 861 Ergo
356 799 551 845 domum
575 798 706 845 redit
730 798 1010 857 Hiawatha‚

128 876 277 923 Ruris
300 882 563 938 prospectu
579 875 684 937 jam
708 875 878 935 laetus,

130 953 365 1015 Caelique
389 953 522 1000 auris
546 953 803 1014 perfruens
826 972 840 1010 ;

127 1031 326 1079 Etenim
351 1033 424 1078 ira
447 1032 737 1079 discesserat
761 1032 1021 1091 acerba,—

126 1109 179 1156 A
202 1115 365 1156 mente
388 1109 593 1156 ultionis
617 1109 889 1168 meditatio,

125 1186 210 1233 Ab
234 1187 395 1233 animo
419 1185 744 1233 febriculosus
768 1187 929 1235 ardor.

197 1263 297 1312 Sed
319 1279 542 1326 gressum
566 1264 782 1310 tardavit
806 1264 969 1323 semel,

130 1340 292 1390 Semel
314 1341 650 1387 tantummodo
672 1347 890 1389 moratus
914 1348 1005 1401 est,

126 1420 201 1469 Ut
223 1436 252 1466 a
275 1424 441 1466 vetere
466 1418 755 1480 sagittarum
780 1418 919 1466 fabro

125 1498 391 1545 Mucrones
415 1496 694 1558 sagittarios
719 1499 964 1545 coemeret

125 1573 296 1625 Medi-a
320 1577 372 1623 in
395 1577 597 1639 regione
621 1576 938 1637 Dacotarum,

127 1656 232 1705 Ubi
254 1655 549 1717 praecipites
574 1654 912 1703 Minnehahae

125 1733 226 1780 Per
250 1738 480 1794 querceta
504 1731 697 1796 fulgent
720 1749 874 1795 aquae

127 1811 288 1872 Inque
313 1811 491 1857 vallem
513 1811 731 1858 ridentes
756 1812 1010 1861 desiliunt.

196 1888 276 1935 Ibi
299 1894 443 1935 vetus
468 1888 758 1950 sagittarum
782 1888 921 1936 faber

129 1965 213 2013 Ex
238 1980 472 2012 arenaceo
497 1981 618 2013 saxo
643 1972 791 2027 atque
816 1981 879 2013 ex
904 1967 1090 2027 achate,

128 2043 212 2090 Ex
237 2042 374 2090 silice
398 2047 545 2103 atque
569 2042 762 2104 iaspare
786 2043 1096 2106 confingebat

128 2120 395 2167 Mucrones
420 2120 711 2182 sagittarum
736 2121 1060 2181 acutissimos,

128 2197 336 2256 Eduros,
363 2212 518 2258 usque
541 2197 604 2243 ad
628 2197 783 2244 aciem
806 2198 1000 2259 politos,

128 2274 359 2336 Impenso
384 2275 672 2334 coemendos
696 2276 874 2337 pretio.

129 2352 284 2414 Apud
307 2367 419 2399 eum
441 2352 697 2399 habitabat
720 2353 821 2401 filia

130 2429 308 2492 Nigris
331 2429 485 2477 oculis
510 2431 699 2489 decora,

130 2507 206 2557 Ut
229 2507 336 2568 ipsa
358 2507 666 2555 Minnehaha
690 2508 953 2567 versatilis,

131 2584 335 2632 Mobilis
359 2585 488 2632 inter
512 2585 735 2632 umbram
758 2601 814 2633 ac
831 2585 994 2648 jubar,

132 2662 293 2710 Vultu
316 2662 562 2710 arridente
587 2678 672 2710 seu
695 2663 921 2724 adducto,

131 2739 352 2788 Pedibus
373 2740 529 2787 instar
553 2741 793 2788 undarum
814 2742 1016 2804 rapidis,

135 2818 391 2869 Cincinnis
415 2820 571 2868 instar
593 2820 833 2869 undarum
855 2821 1137 2882 fluentibus,

1356 189 1417 234 31
