1650 3048
127 191 190 236 88
556 182 729 230 Deatk
753 180 820 245 of
843 179 1098 230 VentosuS.

267 325 461 374 Ostium
485 322 794 384 expandente
818 318 1063 378 saxosum,

257 403 320 449 In
344 402 600 464 speluncas
624 412 883 446 arenaceas
907 397 1181 459 excipitur,

259 480 416 527 Tristi
439 476 705 540 profundas
729 475 958 537 caligine.

253 557 378 603 Mox
401 555 707 603 extrinsecus
733 551 1003 599 Hiawatha
1026 550 1296 608 clamitans,

259 633 532 681 Accessum
556 631 740 677 frustra
760 629 965 692 flagitat,

260 710 609 759 Comminuens
635 723 755 755 saxa
779 707 1023 755 caestibus
1047 723 1058 753 ε

258 788 389 835 Nam
413 786 746 848 expostulanti
772 791 915 833 vetus
940 774 1163 831 Daemon

257 865 337 912 Ne
361 864 655 912 Hiawathae
679 863 880 925 quidem
902 862 1183 924 respondet,

262 942 487 1004 Scopulis
512 941 733 989 occultus
758 941 811 986 in
831 939 1106 987 silentibus,

259 1020 401 1078 Tum,
426 1018 652 1066 manibus
676 1017 739 1064 ad
763 1017 954 1064 caelum
978 1016 1198 1075 sublatis,

257 1096 530 1144 Procellam
554 1094 818 1142 Hiawatha
841 1099 892 1141 et
915 1090 1137 1141 Fulmen*

260 1174 449 1232 Oravit,
476 1179 532 1220 ut
556 1172 909 1220 descenderent
929 1174 950 1189 ⁴

255 1251 623 1299 Profunditates
650 1255 933 1297 saxetorum
952 1248 1212 1295 diffissura.

326 1329 522 1377 Venere
545 1343 656 1375 cum
679 1333 825 1374 nocte
850 1343 907 1374 ac
929 1327 1149 1373 tenebris

258 1407 310 1454 A
332 1407 602 1469 longinquo
628 1405 873 1452 Tonitrali
890 1404 1017 1467 jugo

263 1484 420 1546 Super
443 1484 598 1530 undas
622 1481 757 1530 lacus
781 1482 1077 1545 ingruentia.

264 1562 361 1611 Sed
386 1561 469 1608 ille
494 1562 543 1608 in
569 1557 782 1608 caverna
805 1560 1017 1622 pavidus

262 1639 475 1689 Gressfis
494 1638 734 1700 procellae
758 1638 1001 1685 sentiebat

259 1717 328 1764 Et
349 1717 523 1764 rutilos
545 1715 755 1778 fulguris
780 1716 961 1764 oculos-

260 1795 480 1842 Tandem
503 1791 681 1841 bellica
705 1790 794 1840 sua
817 1790 962 1841 clava
984 1792 1194 1841 Fulmen

262 1872 625 1919 Prominenteis
651 1870 878 1931 scopulos
901 1885 1178 1931 arenaceOS,

261 1950 455 1996 Posteis
481 1963 816 2006 cavernarum,
836 1950 1083 2010 percussit
1102 1969 1116 2005 3

264 2026 598 2087 Tonitrusque
621 2026 887 2072 introrsum
912 2027 1137 2087 rudebat,

266 2108 294 2130 “
311 2105 528 2153 Ubinam
553 2109 630 2150 est
653 2102 736 2150 ille
760 2103 1015 2151 Ventosus
1037 2104 1098 2152 ?''

264 2182 371 2229 En!
399 2188 649 2230 corruerat
673 2196 895 2238 caverna,
924 2188 973 2229 et
996 2183 1127 2231 infra

269 2260 371 2308 Sub
396 2260 585 2306 saxosis
603 2259 804 2321 jacebat
826 2258 1036 2307 molibus

267 2338 533 2385 Emortuus
557 2337 727 2398 pulcer
752 2336 835 2383 ille
853 2337 1118 2386 Ventosus.

340 2415 423 2464 Sic
445 2415 586 2461 finita
609 2419 686 2461 est
701 2413 852 2475 hujus
869 2414 1108 2474 hilaritas,

269 2492 476 2540 Necnon
499 2492 785 2554 omnigenae
810 2492 1145 2553 improbitates
1168 2512 1182 2550 3

274 2569 371 2619 Sed
393 2571 522 2631 apud
547 2570 727 2632 vulgus
749 2582 926 2616 nomen
947 2571 1184 2619 remanet.

273 2646 475 2705 Quoties
498 2652 675 2694 ventus
698 2647 920 2694 hiemalis
945 2648 1221 2696 vorticosus

272 2725 370 2771 Per
385 2725 526 2770 tubos
552 2725 728 2771 camini
754 2724 938 2783 sibilat,

275 2801 468 2849 Aiunt:
506 2803 534 2826 “
550 2801 646 2860 En,
674 2802 820 2849 saltat
843 2802 1145 2855 Ventosus.''
