1650 3048
471 166 688 201 CARMEN
725 165 1069 199 HIAWATHAE.

204 288 408 338 Alterae
435 290 559 337 duae
583 291 831 337 intravere
855 290 1054 337 umbrae

205 366 322 414 Non
347 367 599 426 invitatae,
626 368 828 426 invisae,
856 367 1119 429 squalidae,

205 442 375 491 Oculis
400 445 534 491 cavis
558 460 614 491 ac
640 445 863 491 tristibus
886 463 900 500 ;

205 519 357 580 Quae,
382 522 615 568 audacter
639 522 963 580 considentes,

201 597 263 644 In
286 614 339 645 os
364 598 696 645 Minnehahae
721 598 1063 645 obtuebantur.

200 675 346 722 Prior
371 676 440 722 ait
462 692 473 722 ε
512 678 542 700 “
557 676 689 722 Ecce
712 690 804 733 me,
832 674 1032 722 Famem
1056 676 1107 730 ;'’

199 751 370 814 Atque
393 753 546 800 altera
567 770 578 799 :
617 756 645 777 “
661 752 793 799 Ecce
816 767 907 810 me,
933 752 1186 800 Febrem.’'

203 829 333 877 Tum
359 830 580 877 amabilis
605 830 912 876 Minnehaha
934 830 1202 878 abhorrens

203 907 265 954 In
289 908 416 955 lecto
440 908 652 955 cubabat
676 908 839 965 tacita,

204 985 459 1043 Tremens,
486 985 741 1047 gelascens
765 984 1088 1046 flagransque,

205 1062 317 1109 Tali
342 1063 448 1109 viso
473 1063 749 1124 perterrita.

208 1139 305 1188 Sed
329 1141 458 1188 circa
481 1146 629 1201 atque
654 1140 871 1201 undique
890 1140 1162 1195 audiuntur

205 1218 436 1281 Vagitus,
463 1218 691 1279 planctus
716 1218 1038 1279 plurimarum
1061 1235 1072 1264 z

204 1296 336 1343 Nam
359 1297 501 1358 pueri
525 1295 836 1357 infantesque
862 1296 1093 1357 peribant

204 1373 365 1421 Febre
388 1389 445 1420 ac
469 1373 597 1421 fame
622 1374 822 1420 devicti.

270 1451 379 1498 Nec
404 1452 534 1512 potis
559 1459 665 1498 erat
689 1451 955 1497 Hiawatha
979 1451 1168 1509 durare,

203 1528 556 1576 Minnehaham
581 1529 888 1575 deficientem
913 1529 1115 1575 videns:

207 1605 305 1654 Sed
328 1606 447 1652 villo
472 1606 731 1652 obvolutus
757 1621 867 1652 cum
890 1605 1002 1652 telis

202 1683 391 1730 Iterum
415 1690 562 1743 atque
588 1684 765 1729 iterum
792 1683 843 1728 in
869 1683 1042 1728 silvam

200 1760 409 1818 Prodiit,
436 1760 658 1821 quamvis
684 1760 961 1820 desperans,

200 1837 347 1884 Nunc
371 1837 673 1884 Daemonem
697 1838 925 1898 precibus
955 1836 1264 1898 Supremum,

203 1914 352 1961 Nunc
377 1915 534 1976 ipsam
559 1914 912 1960 Minnehaham
935 1915 1213 1975 appellans:

205 1996 233 2017 “
252 1991 296 2040 O
323 2008 383 2039 ne
407 1998 461 2038 tu
484 1992 688 2049 morere,
714 1991 1016 2038 Minnehaha
1041 1991 1092 2038 !’'

207 2069 305 2118 Sed
329 2085 471 2116 nemo
496 2070 692 2116 vocanti
715 2070 978 2130 respondet

200 2146 405 2194 Praeter
429 2162 598 2193 vocem
621 2161 970 2207 repercussam,
997 2145 1312 2194 fflinnehaha
1327 2149 1349 2194 ,Γ

266 2223 385 2271 Illas
410 2240 496 2286 per
521 2224 671 2270 silvas
696 2224 932 2270 latissime
958 2230 1180 2285 vagatur,

202 2303 301 2349 Per
326 2318 447 2364 quas
471 2302 585 2348 olim
611 2299 697 2349 illa
713 2299 1074 2363 jucundissima

207 2380 457 2427 Aeternae
480 2380 740 2426 memoriae
764 2385 948 2425 aestate

204 2458 428 2506 Uxorem
451 2456 862 2503 adolescentulam
886 2457 1081 2502 domum

203 2535 247 2582 E
272 2532 406 2583 terra
430 2535 731 2581 Dacotarum
758 2549 920 2580 secum
950 2534 1109 2580 duxit.

207 2613 347 2659 Tunc
371 2627 486 2659 aves
512 2612 563 2657 in
588 2611 797 2657 dumetis
822 2611 1061 2657 canebant

205 2690 473 2751 Rivulique
496 2690 740 2736 micabant
763 2689 995 2746 ridentes,

206 2768 275 2814 Et
298 2767 468 2815 molles
493 2766 776 2829 fragrabant
799 2780 944 2813 aurae
964 2785 977 2821 ς

1416 154 1479 199 95
