1650 3048
165 193 260 237 102
597 188 919 238 Hiawatha's
956 189 1144 237 Vision.

298 327 396 377 Sed
418 342 517 387 cor,
543 327 742 374 sublimi
766 332 960 388 pastum

291 405 514 453 Naturae
537 404 839 452 renascentis
863 405 1211 466 pulcritudine,

294 481 619 530 obliviscitur
640 482 916 529 moestitiae
939 482 1214 544 paullatim.

292 559 513 607 Tandem
535 560 896 621 appropinquat
919 565 1107 607 aestas:

290 636 461 698 Atque
484 636 582 696 ille,
600 636 751 698 juxta
772 636 935 684 Lacus
958 637 1141 696 littora,

288 714 451 762 Lacus
475 714 766 762 immensum
791 715 1076 774 relucentis,

292 791 381 841 Sui
404 793 592 855 tugurii
615 793 667 839 in
682 790 837 854 janua

289 869 441 917 Mane
463 870 652 917 aestivo
676 870 1118 932 contemplabatur,

287 947 549 994 Destinata
571 947 776 994 consilia
798 948 1055 996 definiens.

285 1024 479 1087 Largus
501 1027 585 1072 aer
609 1024 947 1087 integritatem
969 1025 1148 1084 olebat,

288 1100 537 1149 Gaudium
561 1101 826 1151 irradiabat
849 1106 1014 1158 terra3
1150 1111 1152 1113 ’

284 1178 351 1225 Et
375 1177 553 1238 coram,
578 1176 730 1226 aurea
753 1179 806 1226 in
830 1179 1103 1241 apricitate,

281 1255 363 1303 Ad
390 1256 648 1304 occiduum
671 1258 1005 1318 praeteribant
1027 1274 1200 1306 nemus

285 1333 438 1383 Gilva
458 1334 852 1385 mellificantium
875 1337 1106 1383 examina

282 1412 468 1473 Apum,
496 1412 587 1459 sub
612 1413 712 1460 sole
736 1428 930 1461 canora.

283 1488 483 1538 Clarum
508 1489 658 1551 supra
681 1490 931 1538 relucebat
953 1490 1160 1550 caelum,

280 1567 436 1614 Levia
458 1566 589 1615 infra
611 1566 748 1615 lacus
772 1582 998 1629 aequora,

284 1643 439 1706 Cujus
463 1660 491 1692 e
514 1646 705 1707 gremio
728 1645 1011 1696 exsultabat
1033 1646 1236 1708 §qualus
1291 1671 1293 1675 ν

285 1720 457 1771 Calido
482 1723 570 1769 sub
587 1721 766 1783 jubare
790 1723 1079 1770 scintillans.

281 1799 356 1846 At
377 1799 592 1848 maxima
613 1798 751 1849 lacus
774 1801 837 1847 ad
858 1801 1132 1863 marginem
1156 1801 1284 1848 silva

284 1876 575 1938 Tranquillo
599 1877 651 1923 in
675 1891 886 1939 aequore
910 1878 1111 1928 inversa
1133 1885 1355 1941 apparet,

281 1953 505 2001 Immotis
530 1954 702 2005 subtus
727 1955 1078 2004 cacuminibus,

280 2030 493 2092 Jamque
516 2047 545 2078 a
567 2030 728 2079 fronte
753 2032 1049 2084 Hiawathae
1072 2034 1348 2083 abstersum
1372 2042 1446 2084 est

283 2107 536 2170 Quidquid
560 2109 740 2157 doloris
765 2110 1015 2158 insederat
1036 2130 1051 2168 ;

280 2185 354 2234 Ut
377 2201 406 2232 a
427 2186 579 2233 fluvio
602 2186 900 2249 caliginosus
923 2192 1021 2247 aer,

280 2262 355 2311 Ut
377 2278 406 2309 a
428 2269 570 2325 prato
594 2265 847 2312 evanescit
869 2266 1064 2315 nebula.

281 2339 374 2387 Ille
400 2341 672 2401 subridenS,
698 2342 971 2402 exsultans,

279 2417 354 2465 Ut
378 2423 516 2465 vates
540 2418 820 2467 futurorum
842 2436 1040 2483 gnarus,

283 2493 549 2543 Constabat
572 2495 690 2543 forti
714 2512 826 2545 cum
848 2495 1045 2546 fiducia.

345 2572 569 2621 Tandem
592 2574 754 2622 subito
779 2581 999 2624 arrectus
1023 2584 1256 2640 properat

281 2647 494 2712 Obitque
518 2652 804 2699 universum
827 2654 1007 2713 vicum,

279 2725 342 2771 In
365 2728 640 2776 contionem
664 2745 846 2778 vocans
869 2732 933 2779 ad
957 2747 1226 2795 vesperam,

283 2801 372 2851 Sui
395 2810 507 2853 ante
530 2812 720 2867 portam
745 2808 999 2857 domicilii.
