1650 3048
477 170 693 206 CARMEN
727 168 1075 204 HIAWATHAE.

207 300 455 348 Maximos
480 301 751 363 serpenteis
777 302 948 364 igneos

207 374 469 427 Contortos
493 379 833 440 ludenteisque
858 379 1041 436 videas,

205 455 447 504 Custodes
471 456 606 503 illius
630 457 938 503 tremendos:

203 532 304 580 Ast
324 549 453 596 aqua
475 535 638 597 stagni
662 534 801 596 picea

202 613 373 676 Longe
397 613 592 674 lateque
615 618 724 659 atra
746 611 986 673 pertingit

200 690 287 738 Ad
311 706 583 752 purpureas
607 705 763 751 usque
787 688 960 735 nubeis
985 687 1220 748 vesperis.

200 768 507 816 Teterrimus
531 767 615 814 ille
638 781 893 829 magorum
916 765 1132 812 omnium

195 846 242 894 E
267 846 527 908 paludibus
552 844 738 892 febrem
760 844 1017 904 albamque
1041 841 1284 899 nebulam,

197 924 481 988 Venenatos
505 923 718 986 pestium
736 937 957 983 vapores,

197 1001 325 1051 Cum
347 1002 516 1050 morbo
539 1017 596 1049 ac
619 1007 775 1048 morte
798 1000 940 1046 nobis
965 998 1206 1045 immittit.

196 1079 333 1142 Ergo
357 1079 546 1127 clavam
570 1094 688 1140 cape
713 1083 859 1139 atque
884 1091 1052 1124 arcum

197 1156 323 1206 Cum
347 1157 542 1220 sagittis
568 1157 758 1217 iaspare
782 1154 1028 1216 praefixis,

195 1234 513 1295 Caestusque,
538 1240 589 1282 et
611 1234 857 1281 betuleam
880 1231 1105 1295 cymbam

195 1311 324 1360 Sebo
347 1312 506 1374 squali
528 1311 684 1358 latera
702 1316 1003 1372 perunctam,

192 1389 267 1438 Ut
290 1405 380 1451 per
402 1394 615 1436 atrorem
633 1404 789 1449 aquae
813 1389 982 1450 piceae

191 1466 445 1514 Velociter
468 1471 837 1528 praetervectus
861 1467 1056 1513 occidas

188 1545 394 1608 Magum
416 1544 548 1591 hunc
572 1544 1018 1603 immisericordem,

188 1622 258 1669 Et
281 1622 516 1685 populum
540 1637 567 1669 e
593 1621 728 1669 febre
751 1621 944 1680 liberes,

188 1699 348 1760 Quam
371 1716 398 1748 e
420 1700 542 1747 locis
565 1699 826 1766 uliginosis
845 1698 1091 1746 exhalat.”

256 1777 401 1825 Illico
424 1783 544 1824 tunc
568 1777 836 1824 Hiawatha
859 1792 997 1824 meus

187 1856 373 1903 Paratu
399 1870 452 1902 se
473 1854 651 1901 bellico
670 1855 926 1913 instruxit,

186 1935 256 1981 Et
278 1932 525 1981 betuleam
540 1932 751 1979 deduxit
774 1932 1013 1995 cymbam.

187 2010 356 2073 Hujus
374 2011 530 2058 latera
552 2026 699 2056 manu
724 2010 960 2071 palpavit,

188 2089 471 2150 Laetusque
491 2090 521 2113 “
539 2087 583 2136 O
608 2103 716 2135 mea
737 2086 748 2133 1
766 2087 793 2108 ’'
818 2087 996 2148 inquit,

187 2170 216 2193 “
232 2167 337 2216 Ubi
360 2167 531 2229 igneos
556 2171 808 2227 serpentes
831 2165 1040 2223 videbis,

183 2245 288 2294 Ubi
312 2244 506 2307 piceum
529 2244 726 2301 flumen,
754 2242 1028 2303 prosilito.’'

249 2323 380 2370 Tum
404 2337 631 2384 prorsum
654 2321 824 2368 exsilit
849 2321 1037 2383 cymba,

185 2399 517 2463 Sublimisque
541 2400 693 2447 animi
717 2399 985 2446 Hiawatha

181 2479 400 2526 Tristem
424 2479 530 2527 sine
553 2493 690 2525 more
714 2483 911 2525 cantum
934 2477 1051 2525 belli

181 2556 386 2619 clangit
410 2573 422 2603 t
459 2557 545 2604 sed
568 2556 736 2603 voltur
755 2570 979 2616 superne,

177 2634 303 2681 Ales
328 2633 412 2681 ille
436 2633 555 2681 belli
580 2633 838 2691 maximus,

178 2711 472 2759 Volucrium
495 2712 721 2759 dominus
745 2715 1088 2773 pennatarum,

183 2787 409 2838 Stridens
433 2789 623 2838 caelum
646 2788 887 2854 pervolat.
