1650 3048
492 157 706 192 CARMEN
742 158 1089 194 HIAWATHAE.

584 656 825 707 CAPUT
860 659 1011 708 XVI.

450 832 618 866 MORS
677 834 1132 870 MINNEHAHAE.

219 971 312 1019 B1s
338 971 499 1019 fuerat
525 972 791 1020 Hiawatha
814 974 1029 1032 orbatus,

218 1050 475 1097 Ambobus
499 1050 690 1097 amissis
714 1051 861 1098 sociis

220 1126 460 1175 Chibiabo
484 1133 630 1188 atque
656 1126 925 1186 Quasinda.

219 1204 370 1251 Anne
393 1205 527 1251 aliud
550 1206 669 1266 quid
692 1211 845 1252 restat
867 1205 1042 1267 majus,

222 1281 366 1341 Quod
390 1297 474 1329 cor
499 1283 796 1330 Hiawathae
819 1282 1008 1346 angat?

287 1360 446 1406 Tristi
459 1375 619 1421 ,super
642 1357 777 1408 terra
799 1360 1001 1416 Boreali

224 1436 374 1485 Suam
396 1437 500 1483 vim
524 1437 702 1485 Hiems
727 1438 968 1485 exhalans

219 1516 442 1562 Lacuum
463 1516 777 1577 amniumque
799 1517 941 1577 aquis

224 1593 446 1642 Solidum
470 1595 773 1655 permutavit
797 1609 989 1641 saxum.

220 1671 270 1717 N
274 1672 394 1718 iveis
419 1687 445 1718 e
470 1672 687 1718 crinibus
714 1672 816 1719 suis
840 1686 1080 1732 quassans

223 1748 434 1809 Campos
459 1749 729 1809 perstravit
752 1749 977 1796 albedine

221 1826 359 1883 Levi,
386 1827 660 1887 aequabili3
696 1826 843 1887 quale
866 1842 988 1888 opus

221 1902 523 1951 Creatrieem
546 1919 745 1951 manum
770 1904 986 1950 divinam
1009 1909 1264 1952 monstrat.

221 1981 427 2027 Vastam
451 1996 539 2041 per
563 1981 739 2027 silvam
763 1981 974 2041 strepitu
999 1981 1312 2044 plangentem

220 2058 442 2105 Venator
466 2058 670 2104 nivariis
694 2059 745 2104 in
768 2058 915 2105 soleis
939 2058 1181 2120 prodibat.

222 2136 455 2183 Feminae
479 2141 561 2182 aut
584 2151 720 2183 zeam
744 2137 1062 2183 conterebant

223 2213 330 2260 Aut
353 2213 525 2275 pelleis
550 2214 822 2275 depsebant
846 2214 1038 2261 dameas
1062 2232 1075 2268 ;

224 2291 447 2339 Juvenes
471 2288 572 2352 pila
594 2291 815 2338 ludentes

225 2369 287 2414 In
311 2369 468 2431 glacie
493 2369 791 2430 strepebant,
819 2368 899 2416 vel
924 2369 974 2415 in
999 2384 1171 2430 eampo

230 2445 386 2494 Sole'is
413 2447 654 2493 saltabant
676 2447 900 2494 nivariis.

295 2522 393 2572 Sed
416 2523 711 2571 Hiawathae
738 2531 932 2585 spectra
953 2530 1253 2572 mortuorum

226 2601 489 2648 Terribilia
512 2603 672 2649 animo
697 2602 1034 2657 obversantur.

225 2679 363 2726 Duas
388 2680 524 2727 videt
548 2681 598 2727 in
622 2681 830 2727 obscuro
854 2680 1035 2727 formas

227 2757 443 2804 Pallidas
466 2759 656 2806 tenueis
680 2758 879 2818 tristeis,

1435 150 1497 196 93
