1650 3048
135 187 227 232 86‘

574 178 733 228 Chase
757 176 824 239 of
847 174 1101 224 Ventosus.

334 336 493 398 Super
516 347 747 397 aggerem
770 335 943 377 cautus
967 324 1351 389 transgredienS,

263 414 368 461 Vix
392 413 506 460 talis
529 416 728 459 exstans
752 404 893 468 aqua,

262 491 376 538 Duo
398 490 565 537 oculos
590 486 901 548 conspicatur
921 480 1176 529 miranteis

261 567 576 630 Emergentis
599 565 834 611 fibrorum
859 561 1012 623 Regis

263 642 413 707 Aqua
437 658 582 706 super
605 637 839 704 argentea
862 638 1008 701 nigri.

264 724 394 770 Dein
417 722 622 783 incipit:
648 722 676 744 ‘⁶
694 718 738 767 O
762 718 884 764 fiber
907 714 1076 773 amice,

264 800 350 847 Me
375 815 465 861 pro
488 804 580 857 tuo,
600 797 711 844 cive
735 809 943 852 assume,

265 878 339 925 Ut
362 878 415 923 in
438 875 621 923 vestris
646 874 951 935 requiescam
976 868 1222 917 sedibus.’'

266 954 396 1000 Tum
419 951 654 1015 providus
678 949 941 1011 respondet
964 949 1114 994 fiber:

268 1034 297 1056 “
312 1031 520 1077 Liberae
543 1043 773 1091 praesum
795 1042 885 1073 rex
910 1024 1100 1072 civitati
1118 1042 1133 1079 ;

246 1108 412 1155 ·Plebs
438 1108 479 1154 si
502 1112 551 1154 te
576 1105 808 1166 excipiet,
837 1104 962 1150 civis
986 1108 1090 1149 esto
1107 1100 1157 1145 :'’

267 1187 437 1248 Atque
461 1186 612 1231 imum
635 1184 697 1230 ad
722 1182 929 1229 fundum
953 1178 1272 1242 demergitur,

269 1264 445 1311 Fuscis
470 1262 744 1324 implexum
767 1259 1048 1307 ramalibus.

334 1341 428 1388 Ille
457 1340 688 1402 spiritum
712 1337 980 1400 paullisper
1004 1334 1251 1396 recolligit

268 1419 507 1465 Amoenis
534 1417 624 1464 sub
648 1416 881 1463 arborum
905 1413 1178 1469 frondibus,

268 1496 404 1556 Quae
423 1496 646 1543 umbram
673 1510 729 1541 ac
747 1493 898 1554 jubar
923 1491 1204 1547 variabant,

273 1575 479 1636 Frigore
502 1588 656 1634 aquae
681 1571 872 1618 refotus
898 1569 1061 1631 pediis,

245 1658 251 1665 ’
271 1651 433 1712 Seque
456 1652 587 1697 inter
610 1650 758 1695 fibros
784 1648 1137 1695 occultaturus.

271 1729 396 1775 Mox
420 1728 550 1776 redit
572 1743 664 1775 rex
688 1742 800 1773 cum
825 1725 1037 1772 comitiis

272 1806 473 1861 Plenis3
505 1810 568 1863 et,
596 1803 827 1864 suffragia
848 1801 1159 1858 renuncians,

276 1887 306 1910 ‘⁶
324 1884 498 1930 Prisco
525 1880 736 1944 (inquit)
761 1880 995 1927 fibrorum
1019 1877 1203 1940 populo

274 1961 488 2018 Placuit,
515 1965 571 2006 ut
593 1959 849 2005 nobiscum
875 1958 940 2003 sis
964 1956 1106 2012 civis,

275 2039 426 2085 Modo
451 2038 607 2100 possis
633 2036 881 2083 domicilia
904 2034 1135 2081 intrare.''

277 2116 410 2163 Tum
433 2130 617 2177 pronus
643 2114 887 2161 delabitur
912 2113 964 2159 in
987 2128 1164 2173 aquam

273 2194 491 2240 Procero
514 2192 767 2240 Ventosus
792 2206 1012 2252 corpore,

277 2272 345 2318 Et
369 2287 456 2333 per
479 2271 651 2318 urbem
674 2270 901 2316 fibrinam
925 2267 1236 2329 quaeritabat

280 2348 455 2397 Sedem
478 2353 641 2395 tantae
667 2346 851 2394 formae
876 2346 1114 2392 idoneam.

278 2426 500 2473 Tandem
523 2425 733 2472 multum
757 2425 939 2486 diuque
965 2429 1282 2486 percontatus

277 2503 455 2550 Nullas
479 2503 548 2550 ibi
573 2504 692 2550 satis
717 2508 850 2549 tutas
878 2502 1091 2549 latebras

284 2580 467 2628 Contra
491 2582 613 2627 iram
636 2586 924 2628 venatorum
950 2579 1131 2627 sensit:

283 2657 422 2716 Mox,
450 2656 578 2720 aqua
602 2674 834 2716 emersus,
861 2658 1004 2705 audit

283 2735 744 2797 Appropinquantis
770 2736 985 2782 sonitum
1010 2735 1243 2797 agminis.

356 2810 517 2871 Quare
542 2813 720 2859 iterum
743 2828 892 2860 cursu
918 2813 1071 2860 citato

286 2889 385 2936 Per
409 2890 651 2937 caerulam
676 2891 958 2938 umbrarum
982 2890 1240 2938 mollitiem
