<?xml version="1.0" encoding="UTF-8"?>
<!DOCTYPE html PUBLIC "-//W3C//DTD XHTML 1.0 Transitional//EN"
    "http://www.w3.org/TR/xhtml1/DTD/xhtml1-transitional.dtd">
<html xmlns="http://www.w3.org/1999/xhtml" xml:lang="en" lang="en">
 <head>
  <title>
</title>
<meta http-equiv="Content-Type" content="text/html;charset=utf-8" />
  <meta name='ocr-system' content='tesseract 3.04.00' />
  <meta name='ocr-capabilities' content='ocr_page ocr_carea ocr_par ocr_line ocrx_word'/>
</head>
<body>
  <div class='ocr_page' id='page_1' title='image "./hiawatha00longrich_0095.png"; bbox 0 0 1650 3048; ppageno 0'>
   <div class='ocr_carea' id='block_1_1' title="bbox 455 171 1057 215">
    <p class='ocr_par' dir='ltr' id='par_1_1' title="bbox 455 171 1057 215">
     <span class='ocr_line' id='line_1_1' title="bbox 455 171 1057 215; baseline 0.017 -10"><span class='ocrx_word' id='word_1_1' title='bbox 455 171 672 209; x_wconf 77' lang='lat' dir='ltr'><strong>GARMEN</strong></span> <span class='ocrx_word' id='word_1_2' title='bbox 707 176 970 211; x_wconf 76' lang='lat' dir='ltr'><strong>HIAWATH</strong></span> <span class='ocrx_word' id='word_1_3' title='bbox 975 180 1057 215; x_wconf 77' lang='grc' dir='ltr'>ΑΕ.</span> 
     </span>
    </p>
   </div>
   <div class='ocr_carea' id='block_1_2' title="bbox 165 298 1258 2695">
    <p class='ocr_par' dir='ltr' id='par_1_2' title="bbox 182 298 940 370">
     <span class='ocr_line' id='line_1_2' title="bbox 182 298 940 370; baseline 0.016 -25"><span class='ocrx_word' id='word_1_4' title='bbox 182 298 435 361; x_wconf 80' lang='lat' dir='ltr'>Jubetque</span> <span class='ocrx_word' id='word_1_5' title='bbox 459 302 686 352; x_wconf 82' lang='lat' dir='ltr'>celeriter</span> <span class='ocrx_word' id='word_1_6' title='bbox 710 307 940 370; x_wconf 81' lang='lat' dir='ltr'>subsequi</span> 
     </span>
    </p>

    <p class='ocr_par' dir='ltr' id='par_1_3' title="bbox 182 374 1134 528">
     <span class='ocr_line' id='line_1_3' title="bbox 182 374 1134 439; baseline 0.019 -19"><span class='ocrx_word' id='word_1_7' title='bbox 182 374 395 422; x_wconf 89' lang='lat' dir='ltr'>Domum</span> <span class='ocrx_word' id='word_1_8' title='bbox 419 393 471 424; x_wconf 90' lang='lat' dir='ltr'>se</span> <span class='ocrx_word' id='word_1_9' title='bbox 486 377 591 439; x_wconf 89' lang='lat' dir='ltr'>jam</span> <span class='ocrx_word' id='word_1_10' title='bbox 614 383 810 430; x_wconf 87' lang='lat' dir='ltr'>tandem</span> <span class='ocrx_word' id='word_1_11' title='bbox 833 387 1134 438; x_wconf 89' lang='lat' dir='ltr'>redeuntem.</span> 
     </span>
     <span class='ocr_line' id='line_1_4' title="bbox 247 452 1121 528; baseline 0.019 -30"><span class='ocrx_word' id='word_1_12' title='bbox 247 452 569 512; x_wconf 85' lang='lat' dir='ltr'>Decesserat3</span> <span class='ocrx_word' id='word_1_13' title='bbox 605 464 654 505; x_wconf 92' lang='lat' dir='ltr'>et</span> <span class='ocrx_word' id='word_1_14' title='bbox 678 463 830 508; x_wconf 89' lang='lat' dir='ltr'>ceteri</span> <span class='ocrx_word' id='word_1_15' title='bbox 854 469 1121 528; x_wconf 83' lang='lat' dir='ltr'>torpenteS,</span> 
     </span>
    </p>

    <p class='ocr_par' dir='ltr' id='par_1_4' title="bbox 181 528 870 599">
     <span class='ocr_line' id='line_1_5' title="bbox 181 528 870 599; baseline 0.016 -23"><span class='ocrx_word' id='word_1_16' title='bbox 181 528 341 578; x_wconf 82' lang='lat' dir='ltr'>Nocte</span> <span class='ocrx_word' id='word_1_17' title='bbox 365 537 421 581; x_wconf 79' lang='lat' dir='ltr'>et,</span> <span class='ocrx_word' id='word_1_18' title='bbox 439 533 711 584; x_wconf 90' lang='lat' dir='ltr'>infortunio</span> <span class='ocrx_word' id='word_1_19' title='bbox 736 539 870 599; x_wconf 87' lang='lat' dir='ltr'>victi,</span> 
     </span>
    </p>

    <p class='ocr_par' dir='ltr' id='par_1_5' title="bbox 178 606 988 676">
     <span class='ocr_line' id='line_1_6' title="bbox 178 606 988 676; baseline 0.02 -24"><span class='ocrx_word' id='word_1_20' title='bbox 178 606 374 655; x_wconf 90' lang='lat' dir='ltr'>Plureis</span> <span class='ocrx_word' id='word_1_21' title='bbox 398 625 485 671; x_wconf 91' lang='lat' dir='ltr'>per</span> <span class='ocrx_word' id='word_1_22' title='bbox 508 611 653 660; x_wconf 90' lang='lat' dir='ltr'>horas</span> <span class='ocrx_word' id='word_1_23' title='bbox 677 617 988 676; x_wconf 85' lang='lat' dir='ltr'>quieverunt.</span> 
     </span>
    </p>

    <p class='ocr_par' dir='ltr' id='par_1_6' title="bbox 180 683 1016 756">
     <span class='ocr_line' id='line_1_7' title="bbox 180 683 1016 756; baseline 0.018 -27"><span class='ocrx_word' id='word_1_24' title='bbox 180 683 415 745; x_wconf 85' lang='lat' dir='ltr'>Tandem,</span> <span class='ocrx_word' id='word_1_25' title='bbox 441 687 590 750; x_wconf 92' lang='lat' dir='ltr'>longo</span> <span class='ocrx_word' id='word_1_26' title='bbox 612 694 810 739; x_wconf 86' lang='lat' dir='ltr'>excussi</span> <span class='ocrx_word' id='word_1_27' title='bbox 835 710 1016 756; x_wconf 92' lang='lat' dir='ltr'>somn0,</span> 
     </span>
    </p>

    <p class='ocr_par' dir='ltr' id='par_1_7' title="bbox 178 760 1002 821">
     <span class='ocr_line' id='line_1_8' title="bbox 178 760 1002 821; baseline 0.018 -15"><span class='ocrx_word' id='word_1_28' title='bbox 178 760 435 810; x_wconf 84' lang='lat' dir='ltr'>Acerrime</span> <span class='ocrx_word' id='word_1_29' title='bbox 459 764 819 816; x_wconf 90' lang='lat' dir='ltr'>inflammantur</span> <span class='ocrx_word' id='word_1_30' title='bbox 842 774 1002 821; x_wconf 90' lang='lat' dir='ltr'>corde.</span> 
     </span>
    </p>

    <p class='ocr_par' dir='ltr' id='par_1_8' title="bbox 179 837 1014 901">
     <span class='ocr_line' id='line_1_9' title="bbox 179 837 1014 901; baseline 0.019 -18"><span class='ocrx_word' id='word_1_31' title='bbox 179 837 305 885; x_wconf 84' lang='lat' dir='ltr'>Mox</span> <span class='ocrx_word' id='word_1_32' title='bbox 329 840 434 901; x_wconf 88' lang='lat' dir='ltr'>ipse</span> <span class='ocrx_word' id='word_1_33' title='bbox 459 842 725 892; x_wconf 87' lang='lat' dir='ltr'>Hiawatha</span> <span class='ocrx_word' id='word_1_34' title='bbox 747 849 1014 898; x_wconf 88' lang='lat' dir='ltr'>adveniens</span> 
     </span>
    </p>

    <p class='ocr_par' dir='ltr' id='par_1_9' title="bbox 179 913 859 973">
     <span class='ocr_line' id='line_1_10' title="bbox 179 913 859 973; baseline 0.018 -12"><span class='ocrx_word' id='word_1_35' title='bbox 179 913 264 963; x_wconf 69' lang='lat' dir='ltr'>Ira</span> <span class='ocrx_word' id='word_1_36' title='bbox 287 918 602 968; x_wconf 70' lang='lat' dir='ltr'>acerbissima</span> <span class='ocrx_word' id='word_1_37' title='bbox 631 931 859 973; x_wconf 87' lang='lat' dir='ltr'>movetur</span> 
     </span>
    </p>

    <p class='ocr_par' dir='ltr' id='par_1_10' title="bbox 177 992 1017 1054">
     <span class='ocr_line' id='line_1_11' title="bbox 177 992 1017 1054; baseline 0.018 -15"><span class='ocrx_word' id='word_1_38' title='bbox 177 992 246 1040; x_wconf 89' lang='lat' dir='ltr'>Et</span> <span class='ocrx_word' id='word_1_39' title='bbox 269 1002 557 1044; x_wconf 90' lang='lat' dir='ltr'>cunctorum</span> <span class='ocrx_word' id='word_1_40' title='bbox 581 1002 793 1050; x_wconf 88' lang='lat' dir='ltr'>concitat</span> <span class='ocrx_word' id='word_1_41' title='bbox 817 1006 1017 1054; x_wconf 90' lang='lat' dir='ltr'>animos.</span> 
     </span>
    </p>

    <p class='ocr_par' dir='ltr' id='par_1_11' title="bbox 174 1070 943 1144">
     <span class='ocr_line' id='line_1_12' title="bbox 174 1070 943 1144; baseline 0.018 -28"><span class='ocrx_word' id='word_1_42' title='bbox 174 1070 358 1132; x_wconf 79' lang='lat' dir='ltr'>Placet,</span> <span class='ocrx_word' id='word_1_43' title='bbox 385 1073 713 1124; x_wconf 86' lang='lat' dir='ltr'>fraudatorem</span> <span class='ocrx_word' id='word_1_44' title='bbox 737 1081 943 1144; x_wconf 86' lang='lat' dir='ltr'>insequi,</span> 
     </span>
    </p>

    <p class='ocr_par' dir='ltr' id='par_1_12' title="bbox 175 1148 813 1219">
     <span class='ocr_line' id='line_1_13' title="bbox 175 1148 813 1219; baseline 0.019 -25"><span class='ocrx_word' id='word_1_45' title='bbox 175 1148 355 1211; x_wconf 88' lang='lat' dir='ltr'>Iniqua</span> <span class='ocrx_word' id='word_1_46' title='bbox 378 1152 634 1202; x_wconf 86' lang='lat' dir='ltr'>detrahere</span> <span class='ocrx_word' id='word_1_47' title='bbox 658 1164 813 1219; x_wconf 86' lang='lat' dir='ltr'>rapta,</span> 
     </span>
    </p>

    <p class='ocr_par' dir='ltr' id='par_1_13' title="bbox 174 1226 940 1290">
     <span class='ocr_line' id='line_1_14' title="bbox 174 1226 940 1290; baseline 0.017 -18"><span class='ocrx_word' id='word_1_48' title='bbox 174 1226 346 1289; x_wconf 90' lang='lat' dir='ltr'>Atque</span> <span class='ocrx_word' id='word_1_49' title='bbox 371 1229 532 1290; x_wconf 92' lang='lat' dir='ltr'>ipsum</span> <span class='ocrx_word' id='word_1_50' title='bbox 556 1233 681 1281; x_wconf 89' lang='lat' dir='ltr'>male</span> <span class='ocrx_word' id='word_1_51' title='bbox 704 1237 940 1285; x_wconf 88' lang='lat' dir='ltr'>mulcare:</span> 
     </span>
    </p>

    <p class='ocr_par' dir='ltr' id='par_1_14' title="bbox 175 1304 1020 1448">
     <span class='ocr_line' id='line_1_15' title="bbox 175 1304 1020 1372; baseline 0.017 -22"><span class='ocrx_word' id='word_1_52' title='bbox 175 1304 336 1367; x_wconf 87' lang='lat' dir='ltr'>Igitur</span> <span class='ocrx_word' id='word_1_53' title='bbox 359 1305 490 1354; x_wconf 87' lang='lat' dir='ltr'>facto</span> <span class='ocrx_word' id='word_1_54' title='bbox 513 1312 707 1372; x_wconf 87' lang='lat' dir='ltr'>agmine</span> <span class='ocrx_word' id='word_1_55' title='bbox 732 1321 1020 1363; x_wconf 85' lang='lat' dir='ltr'>excurrunt.</span> 
     </span>
     <span class='ocr_line' id='line_1_16' title="bbox 238 1384 969 1448; baseline 0.016 -19"><span class='ocrx_word' id='word_1_56' title='bbox 238 1384 398 1431; x_wconf 89' lang='lat' dir='ltr'>Periti</span> <span class='ocrx_word' id='word_1_57' title='bbox 422 1386 688 1448; x_wconf 87' lang='lat' dir='ltr'>indagandi</span> <span class='ocrx_word' id='word_1_58' title='bbox 711 1398 969 1440; x_wconf 85' lang='lat' dir='ltr'>venatores</span> 
     </span>
    </p>

    <p class='ocr_par' dir='ltr' id='par_1_15' title="bbox 172 1462 1042 1524">
     <span class='ocr_line' id='line_1_17' title="bbox 172 1462 1042 1524; baseline 0.01 -16"><span class='ocrx_word' id='word_1_59' title='bbox 172 1462 563 1524; x_wconf 89' lang='lat' dir='ltr'>Deprehendunt</span> <span class='ocrx_word' id='word_1_60' title='bbox 585 1466 795 1516; x_wconf 90' lang='lat' dir='ltr'>Ventosi</span> <span class='ocrx_word' id='word_1_61' title='bbox 821 1471 1042 1517; x_wconf 86' lang='lat' dir='ltr'>semitam</span> 
     </span>
    </p>

    <p class='ocr_par' dir='ltr' id='par_1_16' title="bbox 169 1540 1130 1609">
     <span class='ocr_line' id='line_1_18' title="bbox 169 1540 1130 1609; baseline 0.009 -22"><span class='ocrx_word' id='word_1_62' title='bbox 169 1540 269 1588; x_wconf 89' lang='lat' dir='ltr'>Per</span> <span class='ocrx_word' id='word_1_63' title='bbox 294 1541 444 1589; x_wconf 88' lang='lat' dir='ltr'>silvas</span> <span class='ocrx_word' id='word_1_64' title='bbox 468 1550 614 1606; x_wconf 89' lang='lat' dir='ltr'>atque</span> <span class='ocrx_word' id='word_1_65' title='bbox 638 1546 690 1592; x_wconf 92' lang='lat' dir='ltr'>in</span> <span class='ocrx_word' id='word_1_66' title='bbox 713 1549 1130 1609; x_wconf 85' lang='lat' dir='ltr'>promontorium3</span> 
     </span>
    </p>

    <p class='ocr_par' dir='ltr' id='par_1_17' title="bbox 171 1620 1001 1685">
     <span class='ocr_line' id='line_1_19' title="bbox 171 1620 1001 1685; baseline 0.008 -20"><span class='ocrx_word' id='word_1_67' title='bbox 171 1620 562 1684; x_wconf 90' lang='lat' dir='ltr'>Impressamque</span> <span class='ocrx_word' id='word_1_68' title='bbox 584 1629 759 1671; x_wconf 89' lang='lat' dir='ltr'>notant</span> <span class='ocrx_word' id='word_1_69' title='bbox 783 1624 1001 1685; x_wconf 86' lang='lat' dir='ltr'>formam,</span> 
     </span>
    </p>

    <p class='ocr_par' dir='ltr' id='par_1_18' title="bbox 172 1698 1115 1765">
     <span class='ocr_line' id='line_1_20' title="bbox 172 1698 1115 1765; baseline 0.003 -18"><span class='ocrx_word' id='word_1_70' title='bbox 172 1698 275 1747; x_wconf 91' lang='lat' dir='ltr'>Ubi</span> <span class='ocrx_word' id='word_1_71' title='bbox 299 1714 476 1762; x_wconf 88' lang='lat' dir='ltr'>corpus</span> <span class='ocrx_word' id='word_1_72' title='bbox 502 1702 554 1747; x_wconf 89' lang='lat' dir='ltr'>in</span> <span class='ocrx_word' id='word_1_73' title='bbox 577 1703 800 1749; x_wconf 85' lang='lat' dir='ltr'>vaccinia</span> <span class='ocrx_word' id='word_1_74' title='bbox 828 1702 1115 1765; x_wconf 87' lang='lat' dir='ltr'>projecerat.</span> 
     </span>
    </p>

    <p class='ocr_par' dir='ltr' id='par_1_19' title="bbox 173 1776 1035 1842">
     <span class='ocr_line' id='line_1_21' title="bbox 173 1776 1035 1842; baseline 0.006 -19"><span class='ocrx_word' id='word_1_75' title='bbox 173 1776 396 1825; x_wconf 88' lang='lat' dir='ltr'>Tandem</span> <span class='ocrx_word' id='word_1_76' title='bbox 421 1779 581 1839; x_wconf 87' lang='lat' dir='ltr'>ipsum</span> <span class='ocrx_word' id='word_1_77' title='bbox 605 1780 751 1842; x_wconf 90' lang='lat' dir='ltr'>longe</span> <span class='ocrx_word' id='word_1_78' title='bbox 774 1781 1035 1842; x_wconf 89' lang='lat' dir='ltr'>aspiciunt,</span> 
     </span>
    </p>

    <p class='ocr_par' dir='ltr' id='par_1_20' title="bbox 170 1855 891 1916">
     <span class='ocr_line' id='line_1_22' title="bbox 170 1855 891 1916; baseline 0.006 -14"><span class='ocrx_word' id='word_1_79' title='bbox 170 1855 377 1902; x_wconf 91' lang='lat' dir='ltr'>Necnon</span> <span class='ocrx_word' id='word_1_80' title='bbox 400 1857 704 1916; x_wconf 84' lang='lat' dir='ltr'>aspiciuntur</span> <span class='ocrx_word' id='word_1_81' title='bbox 730 1858 891 1906; x_wconf 90' lang='lat' dir='ltr'>simul.</span> 
     </span>
    </p>

    <p class='ocr_par' dir='ltr' id='par_1_21' title="bbox 169 1932 803 1996">
     <span class='ocr_line' id='line_1_23' title="bbox 169 1932 803 1996; baseline 0.002 -17"><span class='ocrx_word' id='word_1_82' title='bbox 169 1932 276 1992; x_wconf 92' lang='lat' dir='ltr'>Ille,</span> <span class='ocrx_word' id='word_1_83' title='bbox 304 1934 584 1996; x_wconf 90' lang='lat' dir='ltr'>intelligens</span> <span class='ocrx_word' id='word_1_84' title='bbox 609 1934 803 1993; x_wconf 89' lang='lat' dir='ltr'>irarum,</span> 
     </span>
    </p>

    <p class='ocr_par' dir='ltr' id='par_1_22' title="bbox 172 2009 1258 2076">
     <span class='ocr_line' id='line_1_24' title="bbox 172 2009 1258 2076; baseline 0.005 -20"><span class='ocrx_word' id='word_1_85' title='bbox 172 2009 464 2072; x_wconf 81' lang='lat' dir='ltr'>Quanquam</span> <span class='ocrx_word' id='word_1_86' title='bbox 489 2011 782 2059; x_wconf 88' lang='lat' dir='ltr'>insultanter</span> <span class='ocrx_word' id='word_1_87' title='bbox 806 2028 1078 2074; x_wconf 87' lang='lat' dir='ltr'>provocans</span> <span class='ocrx_word' id='word_1_88' title='bbox 1102 2019 1258 2076; x_wconf 90' lang='lat' dir='ltr'>gestu,</span> 
     </span>
    </p>

    <p class='ocr_par' dir='ltr' id='par_1_23' title="bbox 168 2088 977 2152">
     <span class='ocr_line' id='line_1_25' title="bbox 168 2088 977 2152; baseline 0.002 -17"><span class='ocrx_word' id='word_1_89' title='bbox 168 2088 355 2136; x_wconf 88' lang='lat' dir='ltr'>Tamen</span> <span class='ocrx_word' id='word_1_90' title='bbox 384 2104 434 2136; x_wconf 91' lang='lat' dir='ltr'>se</span> <span class='ocrx_word' id='word_1_91' title='bbox 459 2090 511 2135; x_wconf 90' lang='lat' dir='ltr'>in</span> <span class='ocrx_word' id='word_1_92' title='bbox 534 2105 730 2137; x_wconf 87' lang='lat' dir='ltr'>cursum</span> <span class='ocrx_word' id='word_1_93' title='bbox 754 2091 977 2152; x_wconf 88' lang='lat' dir='ltr'>proripit,</span> 
     </span>
    </p>

    <p class='ocr_par' dir='ltr' id='par_1_24' title="bbox 165 2165 909 2229">
     <span class='ocr_line' id='line_1_26' title="bbox 165 2165 909 2229; baseline 0.004 -17"><span class='ocrx_word' id='word_1_94' title='bbox 165 2165 399 2213; x_wconf 88' lang='lat' dir='ltr'>Defessos</span> <span class='ocrx_word' id='word_1_95' title='bbox 424 2165 566 2214; x_wconf 86' lang='lat' dir='ltr'>facile</span> <span class='ocrx_word' id='word_1_96' title='bbox 591 2182 909 2229; x_wconf 82' lang='lat' dir='ltr'>exsuperans.</span> 
     </span>
    </p>

    <p class='ocr_par' dir='ltr' id='par_1_25' title="bbox 168 2244 1115 2307">
     <span class='ocr_line' id='line_1_27' title="bbox 168 2244 1115 2307; baseline 0.002 -17"><span class='ocrx_word' id='word_1_97' title='bbox 168 2244 268 2291; x_wconf 90' lang='lat' dir='ltr'>Per</span> <span class='ocrx_word' id='word_1_98' title='bbox 292 2259 426 2303; x_wconf 86' lang='lat' dir='ltr'>saxa,</span> <span class='ocrx_word' id='word_1_99' title='bbox 453 2250 591 2291; x_wconf 90' lang='lat' dir='ltr'>trans</span> <span class='ocrx_word' id='word_1_100' title='bbox 614 2246 764 2304; x_wconf 86' lang='lat' dir='ltr'>rivos,</span> <span class='ocrx_word' id='word_1_101' title='bbox 791 2261 877 2307; x_wconf 88' lang='lat' dir='ltr'>per</span> <span class='ocrx_word' id='word_1_102' title='bbox 903 2246 1115 2304; x_wconf 88' lang='lat' dir='ltr'>dumeta,</span> 
     </span>
    </p>

    <p class='ocr_par' dir='ltr' id='par_1_26' title="bbox 169 2316 922 2384">
     <span class='ocr_line' id='line_1_28' title="bbox 169 2316 922 2384; baseline 0 -14"><span class='ocrx_word' id='word_1_103' title='bbox 169 2320 398 2383; x_wconf 84' lang='lat' dir='ltr'>Capreoli</span> <span class='ocrx_word' id='word_1_104' title='bbox 424 2322 580 2369; x_wconf 87' lang='lat' dir='ltr'>instar</span> <span class='ocrx_word' id='word_1_105' title='bbox 603 2316 922 2384; x_wconf 87' lang='lat' dir='ltr'>persultabat,</span> 
     </span>
    </p>

    <p class='ocr_par' dir='ltr' id='par_1_27' title="bbox 165 2397 749 2449">
     <span class='ocr_line' id='line_1_29' title="bbox 165 2397 749 2449; baseline 0.005 -3"><span class='ocrx_word' id='word_1_106' title='bbox 165 2398 338 2446; x_wconf 90' lang='lat' dir='ltr'>Donec</span> <span class='ocrx_word' id='word_1_107' title='bbox 361 2400 413 2446; x_wconf 89' lang='lat' dir='ltr'>in</span> <span class='ocrx_word' id='word_1_108' title='bbox 435 2397 598 2448; x_wconf 67' lang='lat' dir='ltr'>media</span> <span class='ocrx_word' id='word_1_109' title='bbox 622 2398 749 2449; x_wconf 69' lang='lat' dir='ltr'>silva</span> 
     </span>
    </p>

    <p class='ocr_par' dir='ltr' id='par_1_28' title="bbox 165 2476 1181 2540">
     <span class='ocr_line' id='line_1_30' title="bbox 165 2476 1181 2540; baseline 0.002 -17"><span class='ocrx_word' id='word_1_110' title='bbox 165 2476 252 2523; x_wconf 90' lang='lat' dir='ltr'>Ad</span> <span class='ocrx_word' id='word_1_111' title='bbox 276 2478 596 2539; x_wconf 85' lang='lat' dir='ltr'>tranquillum</span> <span class='ocrx_word' id='word_1_112' title='bbox 619 2479 848 2540; x_wconf 85' lang='lat' dir='ltr'>pervenit</span> <span class='ocrx_word' id='word_1_113' title='bbox 871 2478 1181 2538; x_wconf 89' lang='lat' dir='ltr'>amniculum,</span> 
     </span>
    </p>

    <p class='ocr_par' dir='ltr' id='par_1_29' title="bbox 171 2553 1089 2618">
     <span class='ocr_line' id='line_1_31' title="bbox 171 2553 1089 2618; baseline 0.001 -16"><span class='ocrx_word' id='word_1_114' title='bbox 171 2553 272 2602; x_wconf 88' lang='lat' dir='ltr'>Suo</span> <span class='ocrx_word' id='word_1_115' title='bbox 297 2570 444 2616; x_wconf 91' lang='lat' dir='ltr'>super</span> <span class='ocrx_word' id='word_1_116' title='bbox 466 2557 686 2618; x_wconf 86' lang='lat' dir='ltr'>margine</span> <span class='ocrx_word' id='word_1_117' title='bbox 711 2562 1089 2618; x_wconf 85' lang='lat' dir='ltr'>restagnantem,</span> 
     </span>
    </p>

    <p class='ocr_par' dir='ltr' id='par_1_30' title="bbox 165 2630 1136 2695">
     <span class='ocr_line' id='line_1_32' title="bbox 165 2630 1136 2695; baseline 0.004 -17"><span class='ocrx_word' id='word_1_118' title='bbox 165 2630 365 2693; x_wconf 81' lang='lat' dir='ltr'>Quippe</span> <span class='ocrx_word' id='word_1_119' title='bbox 388 2648 569 2695; x_wconf 91' lang='lat' dir='ltr'>aggere</span> <span class='ocrx_word' id='word_1_120' title='bbox 595 2639 922 2681; x_wconf 89' lang='lat' dir='ltr'>sustentatum</span> <span class='ocrx_word' id='word_1_121' title='bbox 945 2635 1136 2682; x_wconf 88' lang='lat' dir='ltr'>fibrino.</span> 
     </span>
    </p>
   </div>
   <div class='ocr_carea' id='block_1_3' title="bbox 163 2706 1290 2774">
    <p class='ocr_par' dir='ltr' id='par_1_31' title="bbox 163 2706 1290 2774">
     <span class='ocr_line' id='line_1_33' title="bbox 163 2706 1290 2774; baseline 0.003 -18"><span class='ocrx_word' id='word_1_122' title='bbox 163 2709 277 2757; x_wconf 89' lang='lat' dir='ltr'>Illic</span> <span class='ocrx_word' id='word_1_123' title='bbox 300 2706 498 2758; x_wconf 86' lang='lat' dir='ltr'>arbores</span> <span class='ocrx_word' id='word_1_124' title='bbox 521 2727 652 2774; x_wconf 90' lang='lat' dir='ltr'>genu</span> <span class='ocrx_word' id='word_1_125' title='bbox 676 2717 818 2758; x_wconf 89' lang='lat' dir='ltr'>tenus</span> <span class='ocrx_word' id='word_1_126' title='bbox 841 2717 983 2758; x_wconf 85' lang='lat' dir='ltr'>erant</span> <span class='ocrx_word' id='word_1_127' title='bbox 1006 2712 1290 2767; x_wconf 83' lang='lat' dir='ltr'>immersae3</span> 
     </span>
    </p>
   </div>
   <div class='ocr_carea' id='block_1_4' title="bbox 161 2782 1056 2929">
    <p class='ocr_par' dir='ltr' id='par_1_32' title="bbox 161 2782 1056 2929">
     <span class='ocr_line' id='line_1_34' title="bbox 161 2782 951 2851; baseline 0.003 -17"><span class='ocrx_word' id='word_1_128' title='bbox 161 2787 274 2835; x_wconf 91' lang='lat' dir='ltr'>Illic</span> <span class='ocrx_word' id='word_1_129' title='bbox 297 2787 401 2835; x_wconf 86' lang='lat' dir='ltr'>lilia</span> <span class='ocrx_word' id='word_1_130' title='bbox 422 2782 682 2836; x_wconf 85' lang='lat' dir='ltr'>fluitabant</span> <span class='ocrx_word' id='word_1_131' title='bbox 704 2790 951 2851; x_wconf 86' lang='lat' dir='ltr'>aquatilia,</span> 
     </span>
     <span class='ocr_line' id='line_1_35' title="bbox 162 2863 1056 2929; baseline 0.003 -16"><span class='ocrx_word' id='word_1_132' title='bbox 162 2863 201 2913; x_wconf 78' lang='lat' dir='ltr'>J</span> <span class='ocrx_word' id='word_1_133' title='bbox 202 2866 415 2929; x_wconf 89' lang='lat' dir='ltr'>uncique</span> <span class='ocrx_word' id='word_1_134' title='bbox 437 2867 694 2916; x_wconf 85' lang='lat' dir='ltr'>motabiles</span> <span class='ocrx_word' id='word_1_135' title='bbox 719 2868 1056 2916; x_wconf 80' lang='lat' dir='ltr'>susurrabant.</span> 
     </span>
    </p>
   </div>
   <div class='ocr_carea' id='block_1_5' title="bbox 1397 173 1460 218">
    <p class='ocr_par' dir='ltr' id='par_1_33' title="bbox 1397 173 1460 218">
     <span class='ocr_line' id='line_1_36' title="bbox 1397 173 1460 218; baseline 0.016 -1"><span class='ocrx_word' id='word_1_136' title='bbox 1397 173 1460 218; x_wconf 92' lang='lat'>85</span> 
     </span>
    </p>
   </div>
  </div>
 </body>
</html>
