1650 3048
446 197 661 232 CARMEN
694 194 1040 231 HIAWATHAE.

558 644 800 695 CAPUT
833 644 929 693 IV.

122 809 449 844 HIAWATHAE
485 808 881 844 PEREGRINATIO
915 808 988 841 AD
1023 807 1378 843 OCCIDENTEM.

169 947 393 1004 JAMQUE
419 962 483 994 ex
508 948 672 1009 pueris
697 947 965 993 Hiawatha
987 961 1125 994 meus

170 1025 230 1071 In
253 1025 610 1073 adolescentem
635 1031 871 1083 creverat,

168 1102 377 1149 Artibus
401 1103 665 1150 venatoriis
689 1103 917 1164 peritum,

171 1180 351 1229 Senum
370 1177 609 1242 sapientia
632 1181 942 1239 instructum,

168 1257 407 1306 Idoneum
426 1273 512 1305 seu
531 1257 773 1319 juvenum
792 1258 922 1304 ludis

171 1334 268 1384 Seu
293 1335 519 1383 solertiae
543 1351 599 1383 ac
622 1330 872 1382 laboribus
896 1335 1131 1383 virorum.

242 1412 320 1459 De
343 1418 481 1473 patre
501 1427 588 1459 suo
612 1418 760 1473 atque
784 1413 845 1459 de
867 1417 1026 1459 matre

171 1489 334 1554 Multa
357 1489 692 1551 interrogabat
714 1489 1004 1549 Noeomffla,

167 1567 364 1629 Resque
387 1583 588 1615 arcanas
613 1567 807 1615 didicit:

167 1645 295 1692 Tum
321 1660 405 1693 eor
427 1646 662 1693 urebatur
687 1645 822 1692 intus

166 1722 320 1770 Velut
343 1723 473 1770 vivis
497 1723 669 1785 prunis
693 1723 922 1785 flagrans.

165 1800 302 1863 Ergo
327 1801 457 1847 dixit
480 1801 675 1848 vetulae
698 1801 750 1848 N
753 1801 984 1848 ocomidi:

236 1881 265 1902 ‘⁶
281 1878 392 1941 Ego
415 1878 719 1941 Magieeium
742 1879 902 1938 adibo,

164 1956 335 2017 thue
360 1971 410 2002 se
428 1955 620 2015 habeat,
646 1956 859 2003 ediseam

162 2032 273 2080 Illic
298 2034 349 2079 in
372 2032 582 2080 Favonii
606 2033 745 2091 ostio,

160 2111 246 2158 Ad
270 2115 435 2173 portas
460 2111 652 2158 occidui
672 2111 836 2158 solis.''

227 2187 404 2249 Itaque
428 2185 594 2235 casula
617 2188 871 2251 egreditur
895 2188 1173 2249 Hiawatha,

159 2266 336 2313 Itineri
354 2271 403 2313 et
426 2266 649 2313 venando
673 2271 889 2327 paratus,

159 2339 355 2390 Tunica
377 2339 580 2390 cervina
603 2343 817 2402 indutus,
844 2358 955 2390 cum
981 2343 1247 2403 tibialibus,

158 2420 440 2468 Pennarum
463 2420 643 2467 fistulis
665 2436 723 2467 ao
746 2422 933 2469 murice
957 2422 1149 2483 opimis.

158 2496 220 2544 In
245 2498 404 2560 capite
427 2498 603 2560 pinnas
628 2499 756 2560 gerit
780 2499 1068 2560 aquilarum,

158 2575 219 2622 In
244 2581 414 2623 ventre
436 2576 654 2624 balteum
677 2577 864 2623 murice
880 2583 1195 2639 gemmatum,

155 2652 219 2699 In
241 2668 388 2700 manu
410 2669 578 2701 areum
603 2653 884 2700 fraxineum

157 2728 253 2778 Cui
275 2745 458 2778 nervus
481 2731 769 2778 tarandinus
792 2731 1081 2781 intenditur.

153 2806 227 2854 At
244 2808 295 2855 in
319 2805 550 2870 pharetra
573 2824 789 2871 quernae
811 2814 954 2858 erant
978 2810 1199 2873 sagittae,
