1650 3048
241 170 300 215 16

684 160 788 210 The
811 159 978 209 North
1014 156 1079 206 W
1073 157 1175 205 ind.

365 309 472 369 Quo
495 302 664 356 clarioi·
687 306 880 352 arderet
903 303 1047 365 ignis,

368 386 601 437 Scintillis
625 399 711 445 per
732 383 901 429 tubum
926 395 1066 426 suum
1089 376 1466 439 erumpentibus.

431 464 557 511 Tum
581 462 724 508 sudor
748 476 776 506 a
799 458 956 505 fronte
979 456 1173 504 Arctici

363 542 430 589 Et
453 556 482 587 a
504 539 643 586 cirris
668 537 771 598 ejus
796 531 971 597 pruina
995 532 1269 594 conspersis

364 618 547 668 Creber
570 631 625 662 ac
649 614 815 677 gravis
840 611 1125 668 destinabat,

365 695 427 742 In
450 690 618 740 favilla
641 691 919 753 imprimens
946 694 1082 734 notas
1109 706 1123 743 ;

366 770 504 820 Sicut
527 770 585 816 de
609 773 827 830 protecto
851 781 1071 813 casarum

360 847 456 896 Vel
481 847 539 893 de
562 846 757 892 ramulis
781 845 964 891 cicutae
987 842 1294 890 flaccentibus

364 922 509 973 Cadit
533 922 670 968 stiria
692 920 844 968 verno
868 921 1141 981 liquescens

362 999 609 1060 Cavatque
631 999 789 1045 niveis
812 1003 1081 1060 aggeratas.

432 1074 528 1123 Sed
550 1075 742 1121 tandem
765 1074 926 1120 victus
952 1072 1182 1130 surrexit,

362 1153 627 1214 Impatiens
652 1151 826 1198 caloris
850 1148 1093 1210 risusque,

360 1230 470 1278 Nec
494 1228 724 1275 sustinuit
746 1227 949 1274 hilarem
974 1232 1167 1273 cantum
1190 1245 1203 1281 ;

364 1306 460 1355 Sed
482 1320 709 1367 praeceps
735 1320 821 1365 per
845 1305 1021 1351 ostium
1038 1304 1151 1362 ruit,

363 1383 621 1430 Inculcans
640 1387 918 1429 concretum
942 1381 1116 1443 frigus,

367 1459 680 1520 Nivibusque
702 1459 842 1505 novis
866 1474 922 1505 ac
945 1459 1103 1521 glacie

364 1536 524 1584 Lacfis
549 1536 816 1583 consolidat
839 1541 983 1596 atque
1006 1537 1205 1583 amneis.

368 1612 496 1660 Tum
522 1611 812 1675 Colymbum
836 1613 973 1659 illum
997 1614 1290 1661 urinatorem

364 1689 449 1737 Ad
472 1690 654 1736 nudum
678 1690 920 1736 luctamen
943 1692 1224 1751 provocavit

362 1764 548 1815 Gelatis
569 1767 620 1812 in
643 1767 896 1827 paludibus
921 1772 969 1814 et
986 1768 1171 1829 tesquis
1196 1768 1408 1816 collium.

432 1842 700 1904 Egreditur
725 1842 989 1906 Colymbus
1013 1846 1231 1892 urinator

365 1919 450 1966 Ad
474 1925 752 1966 nocturnam
778 1922 866 1966 sub
890 1920 1139 1982 Aquilone
1162 1922 1359 1982 luctam,

367 1996 441 2044 Ut
464 1997 621 2043 nudus
645 1998 885 2044 montanis
909 1998 960 2044 in
983 1999 1239 2060 paludibus

365 2072 657 2120 Luctaretur
681 2090 791 2121 cum
814 2080 976 2123 atroce
994 2076 1198 2125 Arctico
1221 2096 1234 2133 ;

369 2148 540 2208 Quoad
563 2151 701 2198 hicce
725 2152 1027 2200 anhelantior
1049 2155 1392 2216 prehendebat‚

367 2224 494 2275 Gelu
516 2242 743 2274 manuum
768 2229 1014 2289 dissoluto,

366 2302 721 2367 Titubabatque
745 2308 986 2369 vertigine
1010 2315 1258 2372 correptus
1285 2328 1296 2357 z

364 2379 486 2427 Mox
510 2382 688 2441 irritus,
710 2384 877 2445 pulsus
902 2387 1106 2432 recessit

365 2455 427 2502 In
451 2459 678 2506 candidas
696 2460 999 2522 Aquilonum
1023 2478 1132 2511 oras

367 2532 580 2582 Candido
602 2545 825 2600 regnatas
851 2539 1103 2600 Cuniculo,

365 2609 571 2658 Risuum
595 2616 827 2674 procellas
852 2632 977 2678 pone
1002 2634 1053 2666 se
1076 2621 1291 2681 audiens,

367 2684 554 2745 Quibus
575 2691 727 2737 victor
752 2692 1016 2757 Colymbus
1041 2697 1122 2745 ille
1144 2700 1361 2748 urinator

368 2762 604 2813 Hilariter
628 2770 848 2817 cantabat
873 2789 884 2819 ε
922 2775 952 2798 “
967 2774 1107 2822 Heus
1130 2777 1198 2823 mi
1221 2776 1425 2828 Arctice
1447 2780 1458 2827 l

370 2840 448 2887 Tu
472 2857 658 2891 mecum
682 2848 860 2907 pariter
884 2864 934 2897 es
957 2856 1119 2900 tamen
1142 2855 1406 2904 mortalis.''
