1650 3048
201 208 265 253 26

534 198 672 246 First
695 193 859 255 Booty
881 188 948 253 of
959 182 1252 235 H'iawatka.

338 347 462 395 Mox
486 341 651 391 desilit
675 339 815 386 dama
838 336 890 382 in
915 332 1156 389 semitam,

336 421 539 473 Umbris
563 417 792 466 foliorum
816 412 1114 459 distinctam.

344 500 470 549 Sane
488 494 756 560 palpitabat
779 506 861 538 cor
884 485 1147 541 venatoris,

336 576 491 624 Velut
514 586 722 634 superne
747 566 1021 616 tremebant
1042 558 1175 609 circa

340 652 629 701 Betularum
651 648 769 695 folia
790 660 845 693 ac
871 641 1086 697 frondeS,

340 732 475 778 Dum
498 728 602 775 fera
625 725 846 772 semitam
871 717 1105 767 decurrit.

409 806 482 854 At
505 819 601 852 uno
626 801 851 850 suffultus
874 812 1004 860 genu

346 882 610 931 Hiawatha
632 878 796 927 emisit
820 875 1063 937 sagittam.

347 960 452 1007 Vix
476 957 670 1020 virgula
693 953 1044 1008 dimovebatur,

347 1037 452 1084 Vix
475 1035 580 1081 folii
603 1032 911 1081 excitabatur
936 1040 1098 1084 sonus,
1172 1066 1174 1068 .

345 1114 530 1161 Tamen
552 1110 710 1158 resilit
734 1109 873 1155 dama
895 1101 1153 1167 praevigil,

349 1188 621 1251 Conjuncto
644 1186 823 1248 pedum
846 1183 957 1230 nisu
983 1178 1278 1241 supplodens
1300 1194 1315 1233 ;

347 1268 462 1316 Uno
485 1266 608 1328 pede
633 1263 820 1311 sublato
844 1258 1101 1316 auscultat,

347 1345 478 1392 Dein
500 1342 691 1406 prosilit
714 1345 770 1387 ut
795 1339 1000 1401 sagittae
1024 1348 1331 1382 occursurus.

351 1422 466 1469 Heu
492 1420 502 1467 l
537 1415 713 1467 canora
737 1414 823 1464 illa
848 1431 904 1463 ac
928 1410 1036 1461 dira
1063 1408 1256 1473 sagitta,

337 1499 490 1547 Velut
511 1514 540 1544 a
563 1493 714 1557 vespa
739 1494 987 1549 stridente,
1013 1490 1263 1553 pungitur-

417 1576 529 1623 Illic
554 1572 819 1621 occubabat
843 1571 892 1617 in
918 1566 1045 1616 silva

351 1654 491 1703 Citra
513 1667 703 1699 amnem
727 1649 858 1696 circa
880 1647 1078 1705 vadum,

348 1730 455 1779 Nec
471 1729 575 1791 jam
597 1727 744 1789 hujus
763 1742 845 1774 cor
869 1725 1093 1786 palpitat.

347 1807 507 1868 Atqui
532 1821 613 1853 cor
638 1804 825 1851 scilicet
849 1802 1143 1848 Hiawathae

353 1884 546 1933 Gaudio
568 1882 788 1929 hauritur
812 1879 1105 1937 exsultante,

349 1962 423 2011 Ut
441 1961 589 2009 feram
608 1961 800 2006 domum
823 1961 1054 2018 reportat,

349 2038 545 2102 Iagonis
571 2042 716 2098 atque
736 2050 873 2082 carae
896 2033 948 2080 N
949 2032 1184 2080 ocomidis

350 2115 518 2162 Laude
537 2114 808 2176 plausuque
829 2111 1090 2157 fruiturus.

412 2191 455 2239 E
480 2192 603 2253 pelle
625 2189 773 2251 hujus
799 2190 966 2235 damae
985 2187 1220 2234 Nocomis

351 2270 564 2317 Pallium
588 2267 704 2315 fecit
728 2266 1039 2313 Hiawathae.

357 2347 438 2393 Ex
464 2361 605 2394 carne
630 2346 797 2391 damae
820 2342 1054 2390 Nocomis

356 2424 568 2485 Epulum
593 2423 643 2468 in
665 2422 900 2467 honorem
919 2419 1024 2481 ejus
1043 2418 1175 2466 fecit.

361 2501 420 2547 In
444 2500 722 2547 convivium
741 2498 876 2545 venit
902 2497 1056 2543 omnis
1075 2497 1232 2554 vicus,

360 2576 628 2638 Cunctique
653 2576 990 2623 collaudavere
1015 2575 1343 2621 Hiawatham.

362 2654 555 2701 Acrem
568 2654 716 2700 animi
742 2668 855 2700 sane
878 2652 1201 2714 appellabant,

359 2730 741 2793 Aequabantque
764 2745 931 2793 mergo
949 2730 1158 2793 glaciali.
