1650 3048
413 181 631 217 CARMEN
666 181 997 216 mAWATHAE
1004 203 1017 218 α

142 312 251 360 Has
275 313 478 376 cymbae
504 312 834 374 interstinxit,

141 389 386 437 Lucidum
410 391 575 438 ventri
599 391 869 453 cingulum,

141 466 326 515 Prorae
349 466 623 531 fulgentem
645 474 886 530 torquem,

141 543 241 591 Par
266 545 518 594 stellarum
541 561 630 608 pro
651 547 875 593 mammis
897 545 1097 593 micans.

212 620 297 670 Sic
321 623 515 670 betulea
537 624 713 686 cymba
736 624 789 672 in
812 623 941 671 valle

138 697 352 760 Propter
373 715 565 747 amnem
588 706 665 748 est
687 706 921 749 contexta

140 776 258 838 Ipso
283 777 335 824 in
357 778 545 840 gremio
570 778 739 826 silvae.

139 853 277 917 Ergo
300 855 406 902 vita
428 856 588 902 inerat
613 856 874 916 silvestris,

139 934 402 983 Horrenda
424 952 539 984 sane
563 953 620 985 ac
642 938 835 1000 magica
855 956 868 994 3

138 1012 183 1060 E
207 1012 375 1062 betula
399 1031 487 1062 sua
507 1015 700 1074 levitas,

137 1089 183 1137 E
207 1091 353 1139 cedro
378 1107 521 1139 suum
543 1093 707 1154 robur,

136 1168 180 1216 E
204 1170 354 1218 larice
378 1185 644 1217 nervorum
667 1170 927 1219 lentitudo.

134 1248 350 1311 Jamque
373 1248 625 1295 innatabat
646 1248 780 1295 amni

130 1326 286 1375 Velut
307 1326 618 1374 auctumnale
641 1325 829 1386 folium,
869 1326 872 1328 ’

134 1403 291 1452 Velut
312 1403 502 1451 liiteum
525 1403 741 1464 aquatile
764 1404 938 1452 lilium.

200 1480 379 1543 Neque
403 1485 544 1527 erant
565 1481 689 1528 remi
712 1481 1024 1540 Hiawathae,

134 1559 313 1621 Neque
336 1559 523 1621 remige
546 1560 745 1606 omnino
768 1575 892 1621 opus
915 1566 1036 1607 erat.

134 1637 266 1685 Nam
289 1637 444 1699 ipsius
468 1636 727 1684 voluntate
749 1637 925 1700 cymba

131 1714 200 1761 Et
223 1720 345 1762 nutu
369 1715 521 1761 animi
544 1714 865 1772 movebatur3

134 1791 405 1851 Velociter,
430 1792 576 1850 lente,
603 1792 797 1851 dextra,
823 1792 1043 1853 sinistra,

133 1869 483 1933 Progrediens,
508 1870 757 1929 recedens,
784 1885 836 1919 se
860 1876 1167 1918 convertens.

202 1948 333 1995 Tum
356 1948 568 1995 amicum
593 1948 731 1994 illum
755 1948 1115 1995 validissimum

135 2024 438 2085 Quasindam
462 2025 758 2087 opitulatum
781 2026 1003 2084 accersit,

132 2104 208 2153 Ut
232 2119 297 2151 ex
321 2118 461 2150 amne
487 2104 682 2164 stipites
708 2104 956 2151 demersos

131 2182 200 2228 Et
222 2196 482 2228 arenaceos
505 2181 738 2243 pulvinos
761 2187 1023 2245 expurget.

133 2256 386 2317 Quasinda
409 2258 596 2305 directe
621 2259 674 2305 in
697 2274 891 2306 amnem

130 2336 399 2384 Demersus
423 2335 593 2384 subter
617 2337 889 2399 vagabatur

131 2414 315 2462 Lutrae
340 2429 425 2462 seu
449 2413 585 2461 fibro
610 2429 810 2476 compar
832 2432 843 2462 t

128 2492 240 2551 Vel,
267 2493 485 2540 humeris
508 2492 701 2539 tantum
725 2498 942 2551 exstans,

129 2569 350 2617 Eruebat
373 2585 548 2628 ramos,
576 2570 785 2631 stipites,

129 2647 362 2694 Manibus
386 2648 617 2710 egerebat
640 2663 852 2706 arenam,

128 2724 345 2772 Pedibus
369 2725 650 2773 eradicabat
673 2725 849 2788 algam.

685 2818 717 2850 E

1359 168 1422 213 49
