1650 3048
202 172 266 216 40

547 162 737 212 Burial
759 162 865 209 and
885 158 1255 207 Resurrection.

465 306 618 357 Fossa
641 305 907 354 Hiawatha
929 299 1105 351 cavata

463 384 772 447 Despoliavit
793 382 975 431 vesteis
999 381 1286 440 cristasque,

465 463 752 524 Corpusque
776 459 1020 508 commisit
1041 458 1193 503 humo

463 540 606 588 Molli
630 555 685 587 ac
709 539 851 585 laxae
875 536 1089 597 levique.

459 618 535 665 At
555 617 778 663 tristibus
802 630 867 662 ex
891 612 1153 675 paludibus
1179 610 1327 657 ardea

463 695 750 755 Instrepens
773 692 1031 754 profitetur
1055 703 1303 751 angorem.

529 771 710 820 Carum
733 770 794 817 ad
818 768 1116 816 domicilium
1139 764 1427 813 Nocomidis

463 849 592 896 Tum
615 849 810 895 demum
832 846 965 893 redit
989 844 1257 892 Hiawatha

460 925 727 986 Completis
745 923 926 985 jejunii
950 924 1139 970 diebus.

463 1003 560 1052 Sed
583 1017 742 1063 neque
765 1002 927 1048 locum
950 1001 1085 1047 illius
1109 998 1394 1046 luctationis

459 1079 797 1136 obliviscitur,
824 1092 982 1138 neque
1008 1077 1141 1123 illam
1165 1066 1345 1122 fossam

459 1157 562 1205 Ubi
586 1156 830 1203 dormiens
848 1153 984 1215 jacet
1009 1154 1201 1201 Zeanus

460 1231 563 1281 Sub
586 1229 758 1294 pluvia
784 1247 869 1278 seu
894 1231 1072 1292 apricis
1098 1230 1297 1288 solibus,

459 1308 584 1358 Cum
608 1309 830 1356 vestibus
854 1323 911 1355 ac
935 1304 1087 1355 crista
1110 1312 1376 1354 marcente.

459 1386 689 1445 Quotidie
713 1386 1021 1433 custodiebat
1044 1376 1325 1444 Hiawatha,

456 1464 665 1527 Nigram
689 1463 839 1525 supra
861 1464 1065 1509 humum
1089 1463 1330 1510 molliens.

458 1541 677 1589 Insectas
700 1541 971 1602 noxiasque
995 1541 1173 1587 herbas

457 1618 736 1681 Expurgat,
763 1618 1041 1679 infestoque
1067 1618 1278 1680 strepitu

459 1696 646 1757 Regem
670 1711 927 1742 corvorum
953 1695 1125 1757 abigit.

523 1773 592 1819 Et
614 1773 811 1819 tandem
834 1773 1052 1834 plumula
1074 1773 1244 1819 virens

458 1850 502 1897 E
527 1847 660 1897 terra
683 1849 814 1897 lente
839 1850 1145 1896 submittitur
1167 1869 1181 1905 3

452 1927 577 1973 Mox
599 1927 754 1974 altera
775 1933 922 1988 atque
945 1926 1100 1973 altera
1122 1926 1355 1988 provenit
1376 1945 1388 1974 ε

454 2004 684 2065 Denique
708 2009 821 2051 ante
845 2004 1035 2051 finitam
1058 2010 1296 2052 aestatem

456 2080 536 2127 Ibi
560 2081 855 2143 pulcerrima
878 2082 1102 2129 constitit

457 2158 593 2205 Zeae
617 2158 898 2206 Indicanae
924 2174 1078 2222 seges,

453 2235 597 2282 Molli
619 2236 804 2283 vestitu
827 2236 1067 2296 relucens,

452 2312 677 2360 ProcEris
701 2314 865 2361 aureis
889 2313 1148 2362 cincinnis.

455 2390 597 2437 Tunc
619 2396 760 2437 aestu
784 2391 1018 2452 abreptus
1042 2392 1212 2454 gaudii

452 2464 639 2529 Magna
662 2483 782 2515 voce
806 2468 1038 2516 inclamat
1063 2470 1331 2519 Hiawatha
1351 2489 1363 2518 ε

456 2546 486 2568 “
511 2544 642 2592 Ecce
665 2545 764 2592 huc
786 2546 946 2593 redux
971 2547 1161 2594 Zeanus
1183 2547 1195 2595 1

452 2620 532 2667 En
555 2637 694 2685 seges
718 2624 906 2670 homini
930 2624 1087 2672 amica
1110 2624 1165 2672 !''
