1650 3048
440 173 658 209 GARMEN
693 171 1042 207 HIAWATHAE.

240 308 268 330 “
285 304 434 363 Olim,
461 304 677 366 antiquis
702 304 754 350 in
778 304 966 362 diebus,

171 381 391 442 Quorum
413 382 647 430 memoria
669 382 810 428 nobis
834 382 997 443 periit,

169 459 376 519 Quando
400 460 590 507 caelum
612 459 894 506 hominibus
913 459 1117 520 propius

164 534 329 599 Dique
347 538 505 600 magis
527 541 669 584 erant
692 535 956 583 familiares
978 554 992 591 3

162 614 225 661 In
248 612 384 663 terra
405 614 672 676 Aquilonis
696 619 901 661 venator
925 613 1147 675 degebat,

159 692 345 740 Decem
368 692 651 754 pulcrarum
673 691 1144 739 adolescentularum
1168 694 1337 753 pater,

158 769 499 828 Proeerarum,
518 775 574 816 ut
592 770 761 832 virgae
785 774 901 816 sunt
925 769 1143 831 salignae
1165 786 1177 816 ε

159 847 352 894 Harum
373 853 538 895 autem
560 847 763 893 minima
783 845 879 893 fuit
904 846 1143 905 Owienia,

158 925 419 983 Indomita,
440 940 690 988 praeceps,
716 926 975 983 taciturna,
1003 924 1232 983 fanatica,

162 1002 395 1050 Omnium
413 1018 632 1050 sororum
656 1003 804 1065 longe
827 1002 1135 1064 pulcerrima.

162 1080 369 1129 Ceterae
393 1079 604 1127 fortibus
629 1080 949 1127 bellatoribus

159 1158 211 1205 N
213 1173 390 1220 upsere
415 1158 638 1219 superbis
660 1175 672 1205 ε
709 1158 796 1205 sed
810 1158 895 1204 illa
918 1173 1096 1219 procos

160 1235 403 1297 Reppulit
420 1234 630 1296 juvenes
653 1251 710 1283 ac
735 1235 973 1282 formosos
995 1254 1009 1291 ;

157 1313 283 1360 Mox
303 1311 486 1361 Ossaeo
510 1313 729 1375 pauperi,
755 1312 976 1371 deformi,

156 1390 350 1437 Exacto
373 1391 548 1437 aetatis
571 1390 705 1448 flore,
723 1390 890 1449 debili,

159 1467 322 1517 Sciuri
346 1467 500 1515 instar
517 1468 763 1526 tussienti,
789 1468 974 1529 nupsit.

221 1549 251 1570 “
266 1545 504 1592 Attamen
530 1544 758 1603 Ossaeus,
783 1545 945 1592 animo
967 1544 1156 1607 pulcer,

160 1622 448 1685 Vespertini
473 1622 570 1669 fuit
591 1621 776 1671 Sideris
792 1622 938 1681 filius,

158 1700 346 1749 Sideris
368 1692 641 1760 muliebris,
669 1700 843 1758 teneri,
873 1700 1112 1748 ardentis.

154 1777 216 1823 In
239 1778 329 1824 filii
350 1780 461 1826 sinu
477 1779 609 1841 ignis
634 1785 882 1841 paternus,

150 1855 210 1902 In
236 1857 398 1903 animo
422 1857 705 1918 pulcritudo
728 1864 933 1918 paterna
955 1858 1052 1906 fuit
1077 1877 1090 1907 ε

151 1932 394 1995 Splendor
417 1934 491 1981 illi
510 1935 746 1981 sermonis
771 1935 891 1983 item
914 1952 978 1983 ex
1001 1936 1190 1996 Sidere,

153 2010 402 2073 Vitaeque
425 2012 715 2074 mysterium
733 2028 954 2061 arcanae.

149 2088 352 2136 Etenim
371 2088 587 2138 Ossaeus
606 2106 635 2136 a
650 2105 795 2152 mago
817 2097 1037 2138 mutatus

147 2165 401 2214 Amiserat
424 2167 683 2229 pristinam
706 2167 1075 2217 formositatem.

145 2242 311 2292 Multa
333 2244 417 2292 ille
435 2245 677 2292 derisione
695 2251 910 2292 vexatur

145 2321 198 2368 A
220 2322 437 2384 gloribus
461 2322 753 2384 illarumque
775 2324 979 2383 maritis,

147 2398 412 2458 Formosis,
433 2400 595 2461 pictis,
622 2401 934 2463 cristatisque
957 2420 970 2457 ;

145 2476 323 2538 Neque
346 2492 476 2523 uxor
499 2477 698 2539 quidem
722 2479 1059 2527 amantissima

148 2553 320 2615 Ipsum
337 2559 538 2616 propter
552 2570 766 2602 amorem
790 2570 1031 2617 curasque

144 2630 442 2678 Eorumdem
466 2632 778 2679 contumeliis
803 2633 1016 2682 carebat.

147 2707 382 2768 Tandem,
402 2710 597 2771 quando
622 2710 787 2756 cuncti
806 2709 857 2755 in
876 2710 1093 2758 casulam

144 2784 454 2849 Congregati,
479 2787 597 2834 talia
617 2793 897 2847 tractarent,

1380 156 1444 207 75
