1708 3106
449 204 665 241 CARMEN
699 203 1044 238 HIAWATHAE.

185 336 296 397 Quo
318 336 572 384 hominum
593 336 788 399 genteis
811 333 1070 396 adjuvaret

187 413 439 477 Suumque
462 414 725 461 extolleret
749 413 1003 475 populum.

251 490 296 540 O
321 492 406 553 qui
429 507 542 538 cum
564 488 763 538 Natura
785 491 958 537 amatis
988 490 1256 549 obversari,

185 567 285 627 Qui
308 569 476 630 aprica
498 569 708 631 diligitis
732 574 891 630 prata,

185 644 286 705 Qui
310 646 585 693 umbrosam
608 645 823 693 saltuum
847 645 1073 692 semitam

183 722 502 784 Ventumque
526 724 656 770 inter
678 738 855 781 ramos,

182 800 354 862 Atque
378 800 584 847 imbrem
608 815 694 847 seu
718 799 987 861 pluvialem
1010 814 1098 847 seu
1122 799 1364 859 nivosum,

183 879 253 926 Et
276 878 542 925 fluviorum
565 877 844 941 ingentium
869 878 1104 925 decursus

182 956 283 1003 Per
306 954 523 1003 claustra
545 954 676 1017 pinis
700 954 913 1010 vallata3

184 1031 380 1095 Quique
404 1033 639 1078 tonitrum
660 1033 834 1078 amatis
858 1037 1156 1090 montanum,

183 1109 340 1171 Cujus
364 1113 507 1157 voces
531 1109 663 1156 ultra
685 1125 941 1156 numerum
963 1110 1178 1168 reboant,

185 1187 342 1235 Velut
365 1187 468 1233 alae
491 1187 762 1248 aquilarum
786 1187 1073 1248 plaudentes
1092 1205 1105 1243 ;

183 1264 370 1312 Audite
394 1263 616 1311 effreneis
639 1264 728 1310 has
752 1263 954 1324 fabulas,

185 1341 478 1389 Hiawathae
501 1342 681 1387 mirum
704 1356 916 1388 carmen.

251 1418 348 1478 Qui
371 1418 628 1480 popularia
651 1418 857 1480 diligitis
881 1418 1072 1465 cantica

183 1493 449 1559 Vagasque
471 1495 611 1558 vulgi
634 1494 926 1553 historiolas,

185 1572 337 1633 Quae,
363 1588 538 1620 vocum
560 1573 936 1635 longinquarum
959 1573 1126 1633 instar,

185 1652 378 1699 Moram
402 1666 490 1697 nos
513 1651 774 1712 aureisque
798 1656 1009 1711 poscunt

183 1726 427 1788 Obloquio
452 1727 673 1788 simplice
696 1743 753 1774 ae
778 1728 971 1789 puerili,

185 1803 341 1863 Quod,
369 1805 495 1851 sitne
521 1820 677 1852 sermo
701 1820 764 1851 an
792 1807 981 1864 cantus,

184 1882 291 1929 Vix
316 1883 468 1943 possit
493 1882 624 1928 auris
649 1882 915 1943 dijudicare
938 1902 1020 1939 3——

185 1958 230 2008 Ο
256 1960 418 2006 audite
442 1959 728 2006 Indicanam
751 1976 906 2007 meam
930 1960 1157 2020 fabulam,

186 2035 478 2084 Hiawathae
502 2037 680 2083 mirum
704 2052 914 2085 carmen.

250 2114 371 2173 Vos,
396 2115 573 2176 quibus
598 2129 679 2161 cor
703 2121 779 2162 est
803 2116 1047 2178 integrum
1071 2132 1126 2164 ao
1152 2118 1361 2180 simplex
1379 2138 1391 2175 3

187 2190 285 2251 Qui
309 2192 417 2239 Deo
441 2192 684 2239 confiditis
708 2208 764 2239 ae
787 2193 1039 2250 Naturae3

188 2268 287 2329 Qui
310 2270 561 2317 hominum
586 2271 773 2316 animos
798 2272 1000 2318 creditis

188 2348 445 2395 Humanos
470 2363 575 2395 esse
599 2363 688 2409 per
713 2364 854 2395 omne
880 2349 1126 2406 seculum3

187 2422 257 2472 Et
280 2432 452 2486 pectus
475 2424 633 2472 ferum
657 2426 995 2487 incultumque

190 2502 378 2549 Tamen
401 2517 595 2563 cupere,
622 2518 782 2561 avere,
810 2505 1051 2563 contendi,

186 2580 328 2627 Bona
349 2596 523 2641 parum
545 2580 793 2628 intellecta
815 2589 1084 2642 expetens3

188 2656 258 2704 Et
279 2673 474 2704 manum
498 2657 738 2705 infirmam
762 2659 992 2720 imperiti,

190 2732 289 2794 Qui
313 2735 403 2781 sub
426 2735 642 2783 tenebris
667 2735 894 2797 explorat
917 2737 1024 2796 iter,

190 2810 397 2860 Caeoam
420 2817 582 2861 tamen
605 2812 700 2861 Dei
724 2813 953 2861 dexterae
997 2823 999 2825 ’

245 2901 251 2911 '
711 2904 742 2937 B
779 2892 810 2937 2
