1650 3048
427 199 642 259 caunum
675 199 1024 235 HIAWATHAE.
1377 186 1435 236 17

402 421 481 488 (4)
506 423 696 471 Auster
721 422 1032 488 (Meridies).

229 563 458 613 Ceterum
481 563 737 623 Aestivus,
762 564 960 627 pinguis
979 563 1254 627 segnisque,

160 639 332 706 Long'e
355 643 418 689 ad
440 643 694 690 meridiem
718 643 968 688 habitabat

156 718 297 767 Inter
321 735 517 781 soporas
542 720 804 766 somniosas
827 719 1106 780 apricitates

164 795 267 845 Sub
293 796 483 844 fervore
506 797 738 843 horarum
763 797 1077 861 sempiterno.

165 873 442 922 Silvestreis
465 875 604 922 hicce
628 875 762 921 aveis
787 874 997 921 Boream
1022 890 1209 933 versus,

158 952 461 999 Rubeculam
484 958 631 1013 atque
655 953 938 1015 cyaneolam

160 1029 286 1078 Cum
311 1031 573 1077 hirundine
597 1037 645 1076 et
664 1046 835 1077 ansere
860 1030 1114 1077 emittebat
1136 1050 1149 1087 ;

158 1106 283 1153 Mox
307 1108 516 1154 melones
542 1108 712 1154 {debat
740 1107 1020 1154 cucumeres
1046 1114 1095 1155 et
1119 1108 1354 1164 tabacum,

155 1183 223 1231 Et
246 1200 517 1246 purpureos
543 1201 749 1231 uvarum
772 1200 1004 1232 racemos.

224 1261 392 1324 Hujus
417 1278 444 1310 e
468 1262 640 1309 tubulo
663 1262 828 1309 fumus
853 1263 1117 1310 ascendens

151 1339 314 1387 Aestu
337 1355 574 1401 vaporoso
597 1340 786 1387 coelum
808 1341 1057 1399 miscebat,
1106 1381 1108 1383 .

160 1414 414 1465 Somniosa
436 1417 641 1464 mollitie
665 1417 899 1478 implebat
921 1433 1080 1477 auras,

155 1494 329 1556 Aquas
345 1494 553 1555 jubebat
575 1495 828 1556 perlucere
851 1494 1077 1554 molliter,

157 1571 338 1621 Colleis
358 1573 629 1620 salebrosos
653 1573 871 1634 paullum
895 1573 1148 1636 levigavit,

158 1650 495 1712 Teneramque
518 1651 722 1698 advexit
745 1657 977 1698 aestatem
1000 1651 1308 1710 Austrinam,

157 1727 265 1787 Quo
288 1729 340 1775 in
363 1744 529 1777 mense
552 1729 818 1777 clarissime
844 1730 1109 1776 scintillant
1130 1738 1298 1778 noctes
1322 1750 1334 1786 3

159 1806 314 1853 Tristi
339 1807 456 1853 item
480 1807 530 1852 in
552 1823 732 1866 mense,
759 1809 845 1869 qui
868 1808 1047 1855 accolis
1071 1808 1263 1856 Boreae

161 1883 327 1933 Soleas
351 1885 564 1930 nivarias
588 1886 795 1946 pedibus
821 1886 1054 1948 subligat.

221 1960 501 2021 Aestivum,
527 1963 630 2009 sine
655 1960 789 2021 cura,
808 1964 912 2010 sine
935 1969 1065 2023 voto,

162 2039 325 2089 Semel
347 2040 521 2087 umbra
541 2040 756 2103 maligna
779 2041 1088 2101 perstrinxit,

161 2118 323 2167 Semel
341 2118 478 2165 dolor
501 2119 715 2180 pupugit
739 2119 790 2164 in
814 2119 981 2165 corde.

160 2195 308 2255 Olim,
333 2197 385 2243 in
408 2195 687 2257 Aquilones
710 2202 1047 2258 prospectans,

157 2274 338 2321 Procul
362 2274 412 2320 in
431 2275 615 2336 campis
640 2275 866 2321 herbosis

160 2351 421 2414 Virginem
439 2358 679 2399 astantem
703 2353 1018 2413 conspicatur
1037 2371 1050 2408 ;

158 2430 418 2493 Virginem
441 2446 692 2492 proceram
716 2431 1045 2493 gracilemque

158 2507 402 2556 Immenso
425 2509 476 2555 in
499 2515 639 2571 prato
657 2509 939 2567 solitariam,

158 2585 336 2634 Virore
358 2586 587 2634 amictam
611 2587 883 2633 clarissimo

159 2662 492 2726 Crinitamque
516 2665 654 2711 velut
680 2663 809 2712 Solis
827 2663 994 2711 radiis.

223 2741 368 2788 Illam
390 2742 608 2803 quotidie
632 2742 840 2789 obtuens

159 2817 454 2879 Quotidiano
472 2821 749 2882 suspirabat
772 2819 1016 2882 cupidine,

732 2910 761 2945 C
