1650 3048
414 211 418 214 ·
465 202 681 238 CARMEN
717 200 1063 235 mAWATHAE.

263 324 324 372 In
349 323 605 371 nocturnis
629 322 747 370 fessi
770 320 964 370 castris.

261 398 404 449 Luna
427 401 669 448 albicabat
692 403 789 458 aer,

259 478 465 539 Umbris
487 477 750 540 nigrabant
771 491 943 538 aquae,

265 555 563 617 Circumque
587 555 771 601 culices
795 552 1103 600 infestissimi

264 632 458 680 Bellico
482 637 630 679 cantu
654 636 926 678 consonant
948 649 961 686 ;

263 710 333 757 Et
357 709 540 757 faculas
565 724 678 755 suas
701 723 898 763 muscae
920 707 1172 755 flammeae

263 786 493 850 Agitant,
517 786 700 834 erroris
723 783 963 841 illicium3

264 864 334 911 Et
355 878 586 911 ranarum
609 869 758 925 caput
780 864 1134 925 turpissimum,

263 942 399 990 Luce
423 941 670 989 sublustre
694 939 893 1004 pallida,

265 1020 435 1067 Flavis
459 1035 570 1067 eum
593 1026 831 1066 contuens
855 1019 1012 1066 oculis

265 1099 391 1146 Mox
416 1113 467 1145 se
491 1113 603 1145 cum
627 1098 849 1160 singultu
875 1097 1121 1145 demersit.

263 1175 531 1238 Extemplo
555 1175 690 1222 mille
714 1175 847 1221 sibili

269 1253 428 1316 Super
451 1253 690 1315 palustria
712 1251 1025 1309 ferebantur3

264 1330 473 1378 Necnon
496 1331 644 1377 ardea
665 1331 719 1376 in
741 1331 966 1392 margine
980 1327 1167 1391 junceo

264 1408 449 1456 Herois
472 1408 739 1455 adventum
761 1408 935 1469 procul
956 1408 1180 1454 nuntiat:
1218 1431 1222 1434 -

335 1484 418 1535 Sic
442 1485 526 1533 ille
548 1486 611 1533 ad
636 1485 893 1534 Orientem
917 1486 1172 1547 processit,

267 1564 439 1612 Donec
463 1564 582 1611 luna
604 1564 657 1610 in
681 1565 848 1611 infimo
871 1563 1009 1612 coelo

266 1641 440 1690 Vacuo
462 1642 651 1704 torpuit
673 1641 859 1688 lumine
881 1660 895 1698 ;

272 1719 371 1769 Sed
395 1719 468 1767 sol
491 1718 617 1782 pone
641 1719 1002 1766 calentissimus

267 1797 517 1844 Humeros
542 1797 816 1844 incedentis
839 1796 1078 1844 adurebat
1100 1814 1115 1853 ;

267 1874 338 1922 Et
361 1875 413 1921 in
438 1874 570 1921 clivo
594 1891 623 1921 a
645 1873 809 1921 fronte
834 1874 1028 1921 sublato

242 1987 244 1989 ψ
269 1952 501 2014 Apparet
523 1952 778 2013 tugurium
800 1952 1028 1999 relucens

269 2030 483 2078 Maximi
505 2031 724 2092 magicae
749 2030 969 2077 artificis.

269 2108 402 2155 Dein
425 2108 604 2155 iterum
627 2108 852 2170 cymbam
876 2107 1119 2166 hortatur,

270 2184 423 2245 Quae,
449 2185 646 2247 penitus
668 2185 837 2232 nervis
860 2190 1117 2244 commota,

267 2263 386 2312 Uno
408 2263 646 2325 pervicax
670 2262 797 2310 saltu

270 2340 528 2400 Liliorum,
554 2341 749 2399 iridum,
769 2340 1038 2402 juncorum

271 2417 531 2480 Implexiis
554 2419 840 2480 superavit3
875 2424 926 2466 et
948 2415 1083 2466 illico

271 2495 335 2543 In
357 2493 468 2557 ripa
491 2496 700 2543 ulterius
726 2493 857 2543 sicca

271 2572 456 2621 Astitit
478 2573 736 2621 incolumis
761 2573 1044 2621 Hiawatha.

337 2650 573 2699 Protinus
597 2668 627 2698 a
648 2651 900 2698 relucente
924 2650 1126 2713 tugurio

272 2728 575 2791 Degreditur
597 2744 770 2791 magus
792 2729 1046 2788 terribilis,

275 2805 533 2866 ProceruS,
552 2806 772 2854 humeris
796 2806 1082 2866 latissimus,

1407 187 1469 232 59
