1650 3048
211 184 274 230 52

626 175 944 225 Hiawatha's
968 174 1020 221 F
1016 171 1200 233 ishinq.

405 325 564 387 Atqui
588 324 639 370 in
663 318 775 369 alba
798 320 940 367 fundi
963 315 1114 366 arena

405 402 616 450 Jacebat
637 401 810 462 ingens
834 397 1041 459 piscium
1066 395 1179 442 Rex

412 478 622 541 Squalus
644 477 981 538 acipenserum
1003 472 1262 528 maximus

408 555 669 603 Branchiis
693 569 868 615 aquam
890 551 1154 612 respirans,

415 632 590 680 Pinnis
613 637 669 678 ut
693 646 856 677 vanno
880 628 1136 691 plangens,

413 707 679 771 Caudaque
704 709 962 769 detergens
987 705 1217 768 glaream.

417 786 574 836 Gravi
598 791 851 833 contectus
874 780 1124 831 armatura

413 864 636 922 Jacebat,
661 864 909 924 utrimque
933 866 1172 918 scutatus,

416 941 539 990 Osse
560 941 781 987 munitus
804 939 1015 986 frontem
1038 938 1201 1000 plano,

423 1018 519 1067 Sed
541 1018 709 1076 latera,
737 1017 947 1074 dorsum,
966 1016 1197 1075 humeros

420 1095 587 1158 Spinis
611 1096 815 1142 horrens
839 1093 1007 1140 osseis.

418 1172 695 1235 Pigmentis
718 1177 881 1218 autem
903 1169 1095 1216 bellicis
1119 1167 1460 1229 distinguitur,

422 1251 697 1297 Trabeatus
721 1264 877 1307 croco,
903 1248 1053 1294 rubro
1077 1251 1127 1293 et
1151 1245 1346 1293 caerulo

420 1327 600 1374 Mixtis
625 1326 751 1374 fusci
774 1326 1005 1388 nigrique
1027 1323 1250 1371 maculis.

421 1404 535 1451 Illic
558 1405 609 1450 in
634 1404 785 1450 fundo
802 1403 999 1464 jacebat

424 1481 601 1528 Pinnis
625 1481 884 1542 purpureis
908 1480 1086 1526 leniter
1108 1478 1363 1541 plaudens,

425 1559 558 1606 Dum
582 1556 758 1621 cymba
782 1558 833 1603 in
855 1554 1052 1604 betulea

431 1635 590 1697 Supra
613 1635 886 1682 vehebatur
909 1633 1178 1681 Hiawatha

429 1712 554 1762 Cum
578 1710 788 1774 piscaria
811 1728 838 1759 e
862 1712 1007 1759 cedro
1030 1707 1178 1758 linea.

498 1792 528 1815 “
551 1791 730 1837 Escam
753 1805 872 1851 cape
894 1805 1066 1847 meam,
1094 1787 1138 1837 Ο
1164 1787 1331 1849 squale
1353 1787 1403 1834 2⁹²

429 1867 492 1915 In
515 1867 759 1930 profunda
782 1867 969 1929 clangit
993 1867 1204 1928 desuper
1230 1865 1524 1926 Hiawatha„

430 1948 461 1971 “
479 1945 641 2006 Aquis
664 1960 890 2007 egressus
914 1944 1158 2005 experire,

433 2023 563 2072 Uter
588 2025 652 2070 sit
675 2021 895 2069 nostrum
920 2021 1175 2069 validior.’'

435 2100 564 2147 Tum
589 2098 799 2148 demissa
824 2101 912 2147 sub
937 2116 1087 2162 aquas
1111 2099 1337 2162 limpidas

437 2178 664 2227 Cedrinis
688 2178 953 2226 corticibus
977 2174 1104 2236 esca,

435 2256 744 2317 Responsum
769 2256 954 2302 frustra
977 2255 1293 2316 exspectabat
1317 2272 1328 2300 ε

437 2334 635 2395 Diuque
661 2339 910 2395 oppertus,
937 2333 1130 2380 hostem
1154 2333 1319 2380 sonitu

436 2411 683 2458 Provocat
706 2412 854 2458 etiam
879 2410 1099 2458 clariore.

508 2489 604 2538 Sed
628 2489 758 2536 lente
784 2504 999 2547 verrens,
1026 2488 1225 2550 squalus
1250 2488 1418 2536 subter

442 2566 662 2626 Quiescit
687 2567 972 2629 suspiciens,
1000 2567 1298 2614 auscultans.

443 2645 660 2691 Tandem
684 2645 800 2706 lupo
823 2648 894 2691 a'it
916 2662 926 2691 :
964 2646 994 2669 ‘⁶
1019 2644 1161 2691 Heus
1185 2649 1240 2691 tu
1262 2644 1274 2691 l

444 2721 662 2783 Improbi
686 2723 817 2769 illius
842 2738 1002 2769 escam
1026 2722 1202 2783 arripe,

442 2797 741 2860 Lineamque
764 2814 1094 2862 praemorsam
1117 2798 1302 2847 aufer.''
