1650 3048
207 199 270 245 48

669 191 989 240 fflawatha's
1012 189 1162 237 Boat.

339 341 408 388 Vi
431 335 586 386 multa
609 342 772 385 erutas
796 352 860 384 ex
883 335 1034 382 humo

342 417 469 467 Cum
492 417 669 464 cortice
695 411 802 476 ipsa
826 414 1034 472 consuit,

343 494 469 544 Cum
493 493 779 555 compagine
803 491 1004 538 astricte
1029 489 1245 552 colligat.

410 571 488 636 (4)
560 574 588 597 ‘⁶
608 571 890 617 Balsamum
915 569 976 615 da
999 568 1167 627 mihi,''
1193 567 1370 630 inquit,

346 653 376 676 “
393 651 720 711 Resinamque
745 655 893 706 tuam,
922 646 966 695 O
991 647 1125 694 abies
1148 646 1159 693 l

344 724 455 786 Qua
479 732 672 773 suturas
697 732 828 773 arcte
854 723 1147 786 conjungam

342 804 511 850 Fluvii
536 803 715 849 undam
739 802 1041 860 exclusuras‚

340 880 392 927 N
395 896 421 928 e
445 881 720 942 irrumpens
744 895 821 926 me
844 878 1183 926 madefaciat.”

405 956 575 1018 Atque
599 957 731 1003 abies
757 971 961 1018 procera
984 962 1033 1003 et
1057 956 1246 1018 pullata

338 1034 438 1081 Per
461 1034 707 1096 nigrantia
732 1049 819 1080 sua
843 1034 1139 1080 vestimenta
1163 1033 1445 1095 suspiravit,

337 1111 598 1172 Instarque
621 1110 802 1157 littoris
826 1110 1006 1172 lapillis
1030 1109 1314 1173 plangentis

338 1189 484 1235 Fletu
507 1188 732 1235 luctuoso
756 1188 1011 1249 respondit
1030 1205 1041 1234 :

339 1268 367 1290 “
386 1265 521 1327 Ergo
544 1265 812 1311 balsamum
835 1271 889 1310 tu
914 1264 1080 1326 capias
1103 1265 1312 1313 meum.''

403 1342 578 1403 Itaque
601 1343 803 1388 balsami
829 1343 960 1404 cepit
978 1343 1221 1390 lacrumas

339 1419 408 1466 Et
429 1421 639 1466 resinam
663 1435 725 1467 ex
751 1420 911 1466 abiete
935 1420 1153 1479 multam,

343 1496 534 1555 Quibus
559 1498 711 1544 oblita
735 1513 1056 1559 unaquaeque
1083 1503 1256 1545 sutura

338 1574 419 1622 Ac
447 1575 571 1621 rima
594 1575 880 1622 excluderet
904 1592 1095 1637 aquam.

409 1653 488 1719 (5)
555 1658 584 1680 “
608 1655 787 1717 Spinas
812 1656 934 1703 mihi
959 1663 1043 1703 tuo
1068 1672 1132 1704 ex
1158 1671 1377 1718 corpore,

340 1731 384 1780 O
410 1732 695 1792 Erinacee,''
721 1734 896 1795 inquit,
926 1737 955 1758 ‘⁶
971 1735 1033 1780 da
1056 1740 1259 1781 cunctas
1284 1754 1296 1790 ;

340 1809 530 1868 Quibus
555 1810 781 1857 collarem
805 1811 1015 1859 fabricer
1040 1811 1264 1859 catellam

337 1887 417 1934 Ac
441 1888 694 1950 cingulum
719 1888 905 1935 Veneri
929 1905 1080 1949 meae,

337 1965 569 2026 Duasque
595 1966 759 2012 stellas
783 1966 1085 2014 thoraceaS.''

401 2042 484 2087 Ex
509 2040 629 2090 cava
652 2044 823 2090 arbore
848 2044 1122 2092 Erinaceus

337 2117 506 2166 Oculis
530 2120 943 2182 circumspectans
968 2124 1255 2181 veternosis,

339 2194 528 2257 Spinas,
556 2198 843 2259 sagittarum
869 2200 1038 2259 instar,

334 2274 487 2320 Humi
512 2275 751 2323 lucenteis
777 2276 1005 2338 projecit,

332 2350 430 2398 Per
454 2353 720 2414 implexam
743 2355 937 2401 narium
960 2356 1162 2403 barbam

333 2428 470 2476 Inter
495 2445 691 2491 sopores
716 2447 1056 2480 murmurans:

335 2507 364 2529 “
380 2506 514 2568 Ergo
539 2509 703 2569 capias
729 2514 783 2555 tu
809 2510 975 2570 spinas
1000 2511 1181 2558 meas.''

398 2582 490 2630 Ille
515 2600 577 2631 ex
602 2586 750 2633 humo
775 2587 1003 2634 collectas
1030 2589 1197 2650 spinas

334 2658 572 2708 Radicum
597 2679 653 2710 ac
677 2664 937 2711 baccarum
962 2681 1107 2714 succo

334 2737 509 2784 Tinxit
532 2740 584 2785 in
608 2742 771 2788 varios
797 2743 998 2802 coloreS,

335 2814 573 2875 Rubrum,
600 2819 860 2879 caerulum,
887 2835 1128 2869 croceum.
