<?xml version="1.0" encoding="UTF-8"?>
<!DOCTYPE html PUBLIC "-//W3C//DTD XHTML 1.0 Transitional//EN"
    "http://www.w3.org/TR/xhtml1/DTD/xhtml1-transitional.dtd">
<html xmlns="http://www.w3.org/1999/xhtml" xml:lang="en" lang="en">
 <head>
  <title>
</title>
<meta http-equiv="Content-Type" content="text/html;charset=utf-8" />
  <meta name='ocr-system' content='tesseract 3.04.00' />
  <meta name='ocr-capabilities' content='ocr_page ocr_carea ocr_par ocr_line ocrx_word'/>
</head>
<body>
  <div class='ocr_page' id='page_1' title='image "./hiawatha00longrich_0028.png"; bbox 0 0 1650 3048; ppageno 0'>
   <div class='ocr_carea' id='block_1_1' title="bbox 238 225 296 271">
    <p class='ocr_par' dir='ltr' id='par_1_1' title="bbox 238 225 296 271">
     <span class='ocr_line' id='line_1_1' title="bbox 238 225 296 271; baseline 0.034 -2"><span class='ocrx_word' id='word_1_1' title='bbox 238 225 296 271; x_wconf 89' lang='lat'>18</span> 
     </span>
    </p>
   </div>
   <div class='ocr_carea' id='block_1_2' title="bbox 694 220 1187 291">
    <p class='ocr_par' dir='ltr' id='par_1_2' title="bbox 694 220 1187 291">
     <span class='ocr_line' id='line_1_2' title="bbox 694 220 1187 291; baseline 0 -23"><span class='ocrx_word' id='word_1_2' title='bbox 694 221 799 270; x_wconf 74' lang='lat' dir='ltr'>The</span> <span class='ocrx_word' id='word_1_3' title='bbox 828 221 987 270; x_wconf 77' lang='lat' dir='ltr'>South</span> <span class='ocrx_word' id='word_1_4' title='bbox 1024 220 1187 291; x_wconf 81' lang='lat' dir='ltr'>Wnd.</span> 
     </span>
    </p>
   </div>
   <div class='ocr_carea' id='block_1_3' title="bbox 348 362 1559 2912">
    <p class='ocr_par' dir='ltr' id='par_1_3' title="bbox 361 362 1393 504">
     <span class='ocr_line' id='line_1_3' title="bbox 361 362 1393 431; baseline -0.007 -14"><span class='ocrx_word' id='word_1_5' title='bbox 361 368 530 431; x_wconf 82' lang='lat' dir='ltr'><strong>Atque</strong></span> <span class='ocrx_word' id='word_1_6' title='bbox 555 370 605 416; x_wconf 90' lang='lat' dir='ltr'>in</span> <span class='ocrx_word' id='word_1_7' title='bbox 629 368 733 416; x_wconf 89' lang='lat' dir='ltr'>dies</span> <span class='ocrx_word' id='word_1_8' title='bbox 758 365 1077 428; x_wconf 76' lang='lat' dir='ltr'>impotentius</span> <span class='ocrx_word' id='word_1_9' title='bbox 1101 362 1393 427; x_wconf 73' lang='lat' dir='ltr'>flagrantius</span> 
     </span>
     <span class='ocr_line' id='line_1_4' title="bbox 363 442 1249 504; baseline -0.003 -12"><span class='ocrx_word' id='word_1_10' title='bbox 363 445 691 494; x_wconf 86' lang='lat' dir='ltr'>Flavicomam</span> <span class='ocrx_word' id='word_1_11' title='bbox 713 445 967 491; x_wconf 88' lang='lat' dir='ltr'>adamabat</span> <span class='ocrx_word' id='word_1_12' title='bbox 990 442 1249 504; x_wconf 85' lang='lat' dir='ltr'>virginem.</span> 
     </span>
    </p>

    <p class='ocr_par' dir='ltr' id='par_1_4' title="bbox 364 520 1223 586">
     <span class='ocr_line' id='line_1_5' title="bbox 364 520 1223 586; baseline -0.007 -15"><span class='ocrx_word' id='word_1_13' title='bbox 364 522 461 572; x_wconf 87' lang='lat' dir='ltr'>Sed</span> <span class='ocrx_word' id='word_1_14' title='bbox 484 525 709 586; x_wconf 86' lang='lat' dir='ltr'>pinguior</span> <span class='ocrx_word' id='word_1_15' title='bbox 734 522 993 584; x_wconf 83' lang='lat' dir='ltr'>segnisque</span> <span class='ocrx_word' id='word_1_16' title='bbox 1015 520 1223 566; x_wconf 91' lang='lat' dir='ltr'>nimium</span> 
     </span>
    </p>

    <p class='ocr_par' dir='ltr' id='par_1_5' title="bbox 357 598 1368 816">
     <span class='ocr_line' id='line_1_6' title="bbox 360 598 1368 662; baseline -0.004 -16"><span class='ocrx_word' id='word_1_17' title='bbox 360 599 446 646; x_wconf 92' lang='lat' dir='ltr'>Ad</span> <span class='ocrx_word' id='word_1_18' title='bbox 474 601 769 662; x_wconf 89' lang='lat' dir='ltr'>procandum</span> <span class='ocrx_word' id='word_1_19' title='bbox 787 616 882 646; x_wconf 91' lang='lat' dir='ltr'>non</span> <span class='ocrx_word' id='word_1_20' title='bbox 908 614 959 645; x_wconf 91' lang='lat' dir='ltr'>se</span> <span class='ocrx_word' id='word_1_21' title='bbox 983 598 1255 645; x_wconf 76' lang='lat' dir='ltr'>concitabat</span> <span class='ocrx_word' id='word_1_22' title='bbox 1279 615 1292 652; x_wconf 93' lang='lat'>;</span> <span class='ocrx_word' id='word_1_23' title='bbox 1351 642 1368 662; x_wconf 60' lang='grc'><strong>,</strong></span> 
     </span>
     <span class='ocr_line' id='line_1_7' title="bbox 360 674 1315 739; baseline -0.005 -14"><span class='ocrx_word' id='word_1_24' title='bbox 360 676 433 726; x_wconf 78' lang='lat' dir='ltr'>Ut</span> <span class='ocrx_word' id='word_1_25' title='bbox 455 679 682 739; x_wconf 79' lang='lat' dir='ltr'>persequi</span> <span class='ocrx_word' id='word_1_26' title='bbox 707 683 852 738; x_wconf 89' lang='lat' dir='ltr'>atque</span> <span class='ocrx_word' id='word_1_27' title='bbox 875 676 1060 722; x_wconf 91' lang='lat' dir='ltr'>ambire</span> <span class='ocrx_word' id='word_1_28' title='bbox 1085 674 1315 722; x_wconf 86' lang='lat' dir='ltr'>feminam</span> 
     </span>
     <span class='ocr_line' id='line_1_8' title="bbox 357 754 1091 816; baseline -0.003 -15"><span class='ocrx_word' id='word_1_29' title='bbox 357 754 520 802; x_wconf 90' lang='lat' dir='ltr'>Nimis</span> <span class='ocrx_word' id='word_1_30' title='bbox 546 771 706 802; x_wconf 81' lang='lat' dir='ltr'>socors</span> <span class='ocrx_word' id='word_1_31' title='bbox 725 761 868 816; x_wconf 88' lang='lat' dir='ltr'>atque</span> <span class='ocrx_word' id='word_1_32' title='bbox 892 754 1091 800; x_wconf 84' lang='lat' dir='ltr'>otiosus.</span> 
     </span>
    </p>

    <p class='ocr_par' dir='ltr' id='par_1_6' title="bbox 358 829 1239 1048">
     <span class='ocr_line' id='line_1_9' title="bbox 358 829 1229 893; baseline -0.002 -16"><span class='ocrx_word' id='word_1_33' title='bbox 358 830 532 893; x_wconf 88' lang='lat' dir='ltr'>Itaque</span> <span class='ocrx_word' id='word_1_34' title='bbox 556 833 872 879; x_wconf 80' lang='lat' dir='ltr'>contuebatur</span> <span class='ocrx_word' id='word_1_35' title='bbox 896 829 1229 877; x_wconf 89' lang='lat' dir='ltr'>tantummodo</span> 
     </span>
     <span class='ocr_line' id='line_1_10' title="bbox 360 907 1239 970; baseline -0.002 -15"><span class='ocrx_word' id='word_1_36' title='bbox 360 908 635 967; x_wconf 88' lang='lat' dir='ltr'>Residebat,</span> <span class='ocrx_word' id='word_1_37' title='bbox 662 909 948 970; x_wconf 76' lang='lat' dir='ltr'>suspirabat,</span> <span class='ocrx_word' id='word_1_38' title='bbox 975 907 1239 969; x_wconf 79' lang='lat' dir='ltr'>exoptabat</span> 
     </span>
     <span class='ocr_line' id='line_1_11' title="bbox 360 984 1075 1048; baseline -0.001 -16"><span class='ocrx_word' id='word_1_39' title='bbox 360 984 573 1032; x_wconf 91' lang='lat' dir='ltr'>Herbosi</span> <span class='ocrx_word' id='word_1_40' title='bbox 598 986 754 1047; x_wconf 89' lang='lat' dir='ltr'>campi</span> <span class='ocrx_word' id='word_1_41' title='bbox 776 985 829 1032; x_wconf 85' lang='grc' dir='ltr'><strong>Ν</strong></span> <span class='ocrx_word' id='word_1_42' title='bbox 829 985 1075 1048; x_wconf 87' lang='lat' dir='ltr'>ympham.</span> 
     </span>
    </p>

    <p class='ocr_par' dir='ltr' id='par_1_7' title="bbox 352 1060 1559 1510">
     <span class='ocr_line' id='line_1_12' title="bbox 422 1060 1559 1123; baseline 0 -15"><span class='ocrx_word' id='word_1_43' title='bbox 422 1061 509 1120; x_wconf 91' lang='lat' dir='ltr'>At,</span> <span class='ocrx_word' id='word_1_44' title='bbox 534 1062 674 1109; x_wconf 74' lang='lat' dir='ltr'>mane</span> <span class='ocrx_word' id='word_1_45' title='bbox 698 1062 907 1123; x_wconf 89' lang='lat' dir='ltr'>quodam</span> <span class='ocrx_word' id='word_1_46' title='bbox 930 1062 982 1107; x_wconf 94' lang='lat' dir='ltr'>in</span> <span class='ocrx_word' id='word_1_47' title='bbox 1006 1060 1281 1122; x_wconf 87' lang='lat' dir='ltr'>Aquilones</span> <span class='ocrx_word' id='word_1_48' title='bbox 1307 1067 1559 1119; x_wconf 86' lang='lat' dir='ltr'>contuens,</span> 
     </span>
     <span class='ocr_line' id='line_1_13' title="bbox 355 1138 1200 1200; baseline 0.001 -16"><span class='ocrx_word' id='word_1_49' title='bbox 355 1138 532 1185; x_wconf 87' lang='lat' dir='ltr'>Flavos</span> <span class='ocrx_word' id='word_1_50' title='bbox 556 1138 704 1200; x_wconf 89' lang='lat' dir='ltr'>hujus</span> <span class='ocrx_word' id='word_1_51' title='bbox 728 1139 980 1186; x_wconf 88' lang='lat' dir='ltr'>cincinnos</span> <span class='ocrx_word' id='word_1_52' title='bbox 1004 1138 1200 1199; x_wconf 84' lang='lat' dir='ltr'>aspexit</span> 
     </span>
     <span class='ocr_line' id='line_1_14' title="bbox 356 1216 1242 1278; baseline 0 -16"><span class='ocrx_word' id='word_1_53' title='bbox 356 1216 573 1263; x_wconf 89' lang='lat' dir='ltr'>Mutatos</span> <span class='ocrx_word' id='word_1_54' title='bbox 597 1223 741 1278; x_wconf 90' lang='lat' dir='ltr'>atque</span> <span class='ocrx_word' id='word_1_55' title='bbox 764 1216 987 1263; x_wconf 86' lang='lat' dir='ltr'>albedine</span> <span class='ocrx_word' id='word_1_56' title='bbox 1011 1216 1242 1274; x_wconf 86' lang='lat' dir='ltr'>obtectos,</span> 
     </span>
     <span class='ocr_line' id='line_1_15' title="bbox 357 1291 1405 1352; baseline 0.002 -13"><span class='ocrx_word' id='word_1_57' title='bbox 357 1291 508 1352; x_wconf 83' lang='lat' dir='ltr'>Quasi</span> <span class='ocrx_word' id='word_1_58' title='bbox 532 1294 726 1340; x_wconf 90' lang='lat' dir='ltr'>nivibus</span> <span class='ocrx_word' id='word_1_59' title='bbox 752 1299 1002 1341; x_wconf 89' lang='lat' dir='ltr'>concretos</span> <span class='ocrx_word' id='word_1_60' title='bbox 1029 1293 1405 1341; x_wconf 88' lang='lat' dir='ltr'>candidissimis.</span> 
     </span>
     <span class='ocr_line' id='line_1_16' title="bbox 352 1368 1405 1432; baseline -0.002 -13"><span class='ocrx_word' id='word_1_61' title='bbox 352 1373 451 1406; x_wconf 89' lang='lat'>—“</span> <span class='ocrx_word' id='word_1_62' title='bbox 471 1370 513 1419; x_wconf 96' lang='lat' dir='ltr'>O</span> <span class='ocrx_word' id='word_1_63' title='bbox 539 1372 605 1417; x_wconf 91' lang='lat' dir='ltr'>mi</span> <span class='ocrx_word' id='word_1_64' title='bbox 625 1370 771 1417; x_wconf 86' lang='lat' dir='ltr'>frater</span> <span class='ocrx_word' id='word_1_65' title='bbox 796 1386 822 1418; x_wconf 95' lang='lat' dir='ltr'>e</span> <span class='ocrx_word' id='word_1_66' title='bbox 846 1368 980 1417; x_wconf 71' lang='lat' dir='ltr'>terra</span> <span class='ocrx_word' id='word_1_67' title='bbox 1009 1370 1405 1432; x_wconf 85' lang='lat' dir='ltr'>Septentrionali‚</span> 
     </span>
     <span class='ocr_line' id='line_1_17' title="bbox 352 1446 918 1510; baseline 0 -17"><span class='ocrx_word' id='word_1_68' title='bbox 352 1446 474 1494; x_wconf 88' lang='lat' dir='ltr'>Albi</span> <span class='ocrx_word' id='word_1_69' title='bbox 498 1464 648 1510; x_wconf 84' lang='lat' dir='ltr'>regno</span> <span class='ocrx_word' id='word_1_70' title='bbox 675 1448 918 1506; x_wconf 81' lang='lat' dir='ltr'>Cuniculi,</span> 
     </span>
    </p>

    <p class='ocr_par' dir='ltr' id='par_1_8' title="bbox 351 1525 1254 1819">
     <span class='ocr_line' id='line_1_18' title="bbox 356 1525 1119 1588; baseline 0.003 -16"><span class='ocrx_word' id='word_1_71' title='bbox 356 1525 434 1572; x_wconf 86' lang='lat' dir='ltr'>Tu</span> <span class='ocrx_word' id='word_1_72' title='bbox 459 1527 670 1587; x_wconf 87' lang='lat' dir='ltr'>puellam</span> <span class='ocrx_word' id='word_1_73' title='bbox 693 1527 813 1572; x_wconf 91' lang='lat' dir='ltr'>mihi</span> <span class='ocrx_word' id='word_1_74' title='bbox 838 1527 1119 1588; x_wconf 87' lang='lat' dir='ltr'>surripuisti</span> 
     </span>
     <span class='ocr_line' id='line_1_19' title="bbox 353 1601 1250 1665; baseline 0.003 -16"><span class='ocrx_word' id='word_1_75' title='bbox 353 1602 508 1649; x_wconf 89' lang='lat' dir='ltr'>Manu</span> <span class='ocrx_word' id='word_1_76' title='bbox 531 1604 627 1650; x_wconf 91' lang='lat' dir='ltr'>huc</span> <span class='ocrx_word' id='word_1_77' title='bbox 645 1601 914 1665; x_wconf 67' lang='lat' dir='ltr'>longinqua</span> <span class='ocrx_word' id='word_1_78' title='bbox 937 1605 1250 1665; x_wconf 85' lang='lat' dir='ltr'>pertingens:</span> 
     </span>
     <span class='ocr_line' id='line_1_20' title="bbox 355 1679 1254 1742; baseline 0.003 -16"><span class='ocrx_word' id='word_1_79' title='bbox 355 1679 434 1726; x_wconf 89' lang='lat' dir='ltr'>Tu</span> <span class='ocrx_word' id='word_1_80' title='bbox 458 1679 634 1727; x_wconf 86' lang='lat' dir='ltr'>fabulis</span> <span class='ocrx_word' id='word_1_81' title='bbox 659 1681 757 1728; x_wconf 91' lang='lat' dir='ltr'>tuis</span> <span class='ocrx_word' id='word_1_82' title='bbox 785 1680 1254 1742; x_wconf 86' lang='lat' dir='ltr'>Septentrionalibus</span> 
     </span>
     <span class='ocr_line' id='line_1_21' title="bbox 351 1756 1129 1819; baseline 0.006 -17"><span class='ocrx_word' id='word_1_83' title='bbox 351 1756 609 1819; x_wconf 84' lang='lat' dir='ltr'>Virginem</span> <span class='ocrx_word' id='word_1_84' title='bbox 631 1774 788 1805; x_wconf 90' lang='lat' dir='ltr'>meam</span> <span class='ocrx_word' id='word_1_85' title='bbox 812 1759 1129 1807; x_wconf 89' lang='lat' dir='ltr'>conciliasti.’&#39;</span> 
     </span>
    </p>

    <p class='ocr_par' dir='ltr' id='par_1_9' title="bbox 351 1833 1099 1962">
     <span class='ocr_line' id='line_1_22' title="bbox 419 1833 1099 1898; baseline 0.003 -16"><span class='ocrx_word' id='word_1_86' title='bbox 419 1833 500 1882; x_wconf 89' lang='lat' dir='ltr'>Sic</span> <span class='ocrx_word' id='word_1_87' title='bbox 524 1851 668 1898; x_wconf 83' lang='lat' dir='ltr'>aeger</span> <span class='ocrx_word' id='word_1_88' title='bbox 691 1836 840 1883; x_wconf 90' lang='lat' dir='ltr'>animi</span> <span class='ocrx_word' id='word_1_89' title='bbox 858 1836 1099 1884; x_wconf 87' lang='lat' dir='ltr'>Aestivus</span> 
     </span>
     <span class='ocr_line' id='line_1_23' title="bbox 351 1910 1066 1962; baseline 0.006 -5"><span class='ocrx_word' id='word_1_90' title='bbox 351 1910 576 1959; x_wconf 89' lang='lat' dir='ltr'>Moerore</span> <span class='ocrx_word' id='word_1_91' title='bbox 600 1914 885 1960; x_wconf 85' lang='lat' dir='ltr'>incendebat</span> <span class='ocrx_word' id='word_1_92' title='bbox 908 1930 1066 1962; x_wconf 89' lang='lat' dir='ltr'>auras.</span> 
     </span>
    </p>

    <p class='ocr_par' dir='ltr' id='par_1_10' title="bbox 349 1989 1418 2210">
     <span class='ocr_line' id='line_1_24' title="bbox 350 1989 1418 2055; baseline 0.006 -20"><span class='ocrx_word' id='word_1_93' title='bbox 350 1989 562 2050; x_wconf 80' lang='lat' dir='ltr'>Jamque</span> <span class='ocrx_word' id='word_1_94' title='bbox 583 1989 770 2038; x_wconf 84' lang='lat' dir='ltr'>Auster</span> <span class='ocrx_word' id='word_1_95' title='bbox 792 2007 879 2052; x_wconf 89' lang='lat' dir='ltr'>per</span> <span class='ocrx_word' id='word_1_96' title='bbox 903 1992 1139 2039; x_wconf 89' lang='lat' dir='ltr'>immensa</span> <span class='ocrx_word' id='word_1_97' title='bbox 1164 1999 1418 2055; x_wconf 87' lang='lat' dir='ltr'>pratorum</span> 
     </span>
     <span class='ocr_line' id='line_1_25' title="bbox 350 2065 1166 2130; baseline 0.006 -18"><span class='ocrx_word' id='word_1_98' title='bbox 350 2065 663 2128; x_wconf 89' lang='lat' dir='ltr'>Evagabatur</span> <span class='ocrx_word' id='word_1_99' title='bbox 687 2069 910 2129; x_wconf 88' lang='lat' dir='ltr'>suspiriis</span> <span class='ocrx_word' id='word_1_100' title='bbox 932 2068 1166 2130; x_wconf 86' lang='lat' dir='ltr'>fervidus,</span> 
     </span>
     <span class='ocr_line' id='line_1_26' title="bbox 349 2143 1212 2210; baseline 0.008 -21"><span class='ocrx_word' id='word_1_101' title='bbox 349 2143 705 2205; x_wconf 90' lang='lat' dir='ltr'>Impotentibus</span> <span class='ocrx_word' id='word_1_102' title='bbox 728 2145 926 2193; x_wconf 91' lang='lat' dir='ltr'>Aestivi</span> <span class='ocrx_word' id='word_1_103' title='bbox 952 2150 1177 2210; x_wconf 91' lang='lat' dir='ltr'>suspiriis</span> <span class='ocrx_word' id='word_1_104' title='bbox 1200 2167 1212 2197; x_wconf 69' lang='grc' dir='ltr'><strong>ι</strong></span> 
     </span>
    </p>

    <p class='ocr_par' dir='ltr' id='par_1_11' title="bbox 349 2220 1347 2440">
     <span class='ocr_line' id='line_1_27' title="bbox 350 2220 1347 2288; baseline 0.01 -21"><span class='ocrx_word' id='word_1_105' title='bbox 350 2220 516 2269; x_wconf 92' lang='lat' dir='ltr'>Donec</span> <span class='ocrx_word' id='word_1_106' title='bbox 540 2226 622 2270; x_wconf 74' lang='lat' dir='ltr'>aer</span> <span class='ocrx_word' id='word_1_107' title='bbox 644 2229 877 2285; x_wconf 91' lang='lat' dir='ltr'>tanquam</span> <span class='ocrx_word' id='word_1_108' title='bbox 900 2226 1098 2273; x_wconf 89' lang='lat' dir='ltr'>nivibus</span> <span class='ocrx_word' id='word_1_109' title='bbox 1124 2228 1347 2288; x_wconf 90' lang='lat' dir='ltr'>effloruit,</span> 
     </span>
     <span class='ocr_line' id='line_1_28' title="bbox 350 2297 1199 2366; baseline 0.009 -22"><span class='ocrx_word' id='word_1_110' title='bbox 350 2297 531 2360; x_wconf 89' lang='lat' dir='ltr'>Pappis</span> <span class='ocrx_word' id='word_1_111' title='bbox 556 2301 845 2348; x_wconf 89' lang='lat' dir='ltr'>carduorum</span> <span class='ocrx_word' id='word_1_112' title='bbox 868 2302 1199 2366; x_wconf 82' lang='lat' dir='ltr'>lanuginosus,</span> 
     </span>
     <span class='ocr_line' id='line_1_29' title="bbox 349 2375 1116 2440; baseline 0.01 -19"><span class='ocrx_word' id='word_1_113' title='bbox 349 2375 602 2439; x_wconf 87' lang='lat' dir='ltr'>Virgoque</span> <span class='ocrx_word' id='word_1_114' title='bbox 627 2378 712 2425; x_wconf 90' lang='lat' dir='ltr'>illa</span> <span class='ocrx_word' id='word_1_115' title='bbox 727 2378 906 2440; x_wconf 90' lang='lat' dir='ltr'>jubare</span> <span class='ocrx_word' id='word_1_116' title='bbox 939 2382 1116 2429; x_wconf 88' lang='lat' dir='ltr'>crinita</span> 
     </span>
    </p>

    <p class='ocr_par' dir='ltr' id='par_1_12' title="bbox 350 2452 1036 2518">
     <span class='ocr_line' id='line_1_30' title="bbox 350 2452 1036 2518; baseline 0.01 -20"><span class='ocrx_word' id='word_1_117' title='bbox 350 2452 393 2498; x_wconf 84' lang='lat' dir='ltr'><strong>E</strong></span> <span class='ocrx_word' id='word_1_118' title='bbox 418 2460 554 2514; x_wconf 87' lang='lat' dir='ltr'>prato</span> <span class='ocrx_word' id='word_1_119' title='bbox 577 2456 776 2502; x_wconf 86' lang='lat' dir='ltr'>evanuit</span> <span class='ocrx_word' id='word_1_120' title='bbox 799 2472 998 2518; x_wconf 91' lang='lat' dir='ltr'>prorsus</span> <span class='ocrx_word' id='word_1_121' title='bbox 1022 2478 1036 2515; x_wconf 84' lang='lat'>3</span> 
     </span>
    </p>

    <p class='ocr_par' dir='ltr' id='par_1_13' title="bbox 348 2529 1244 2677">
     <span class='ocr_line' id='line_1_31' title="bbox 348 2529 1244 2596; baseline 0.011 -20"><span class='ocrx_word' id='word_1_122' title='bbox 348 2529 522 2592; x_wconf 89' lang='lat' dir='ltr'>Neque</span> <span class='ocrx_word' id='word_1_123' title='bbox 546 2548 759 2593; x_wconf 91' lang='lat' dir='ltr'>unquam</span> <span class='ocrx_word' id='word_1_124' title='bbox 782 2535 979 2596; x_wconf 69' lang='lat' dir='ltr'>postilla¹</span> <span class='ocrx_word' id='word_1_125' title='bbox 1002 2536 1244 2586; x_wconf 86' lang='lat' dir='ltr'>Aestivus</span> 
     </span>
     <span class='ocr_line' id='line_1_32' title="bbox 351 2607 1243 2677; baseline 0.015 -25"><span class='ocrx_word' id='word_1_126' title='bbox 351 2607 676 2656; x_wconf 89' lang='lat' dir='ltr'>Flavicomam</span> <span class='ocrx_word' id='word_1_127' title='bbox 699 2613 895 2673; x_wconf 89' lang='lat' dir='ltr'>aspexit</span> <span class='ocrx_word' id='word_1_128' title='bbox 918 2614 1178 2677; x_wconf 86' lang='lat' dir='ltr'>virginem.</span> <span class='ocrx_word' id='word_1_129' title='bbox 1236 2619 1243 2623; x_wconf 78' lang='lat'>&#39;</span> 
     </span>
    </p>

    <p class='ocr_par' dir='ltr' id='par_1_14' title="bbox 348 2683 1124 2832">
     <span class='ocr_line' id='line_1_33' title="bbox 421 2683 999 2749; baseline 0.012 -17"><span class='ocrx_word' id='word_1_130' title='bbox 421 2683 464 2732; x_wconf 92' lang='grc' dir='ltr'>Ο</span> <span class='ocrx_word' id='word_1_131' title='bbox 490 2685 607 2733; x_wconf 87' lang='lat' dir='ltr'>false</span> <span class='ocrx_word' id='word_1_132' title='bbox 626 2689 729 2749; x_wconf 89' lang='lat' dir='ltr'>spei</span> <span class='ocrx_word' id='word_1_133' title='bbox 754 2688 965 2738; x_wconf 86' lang='lat' dir='ltr'>Aestive</span> <span class='ocrx_word' id='word_1_134' title='bbox 987 2691 999 2739; x_wconf 75' lang='lat' dir='ltr'>l</span> 
     </span>
     <span class='ocr_line' id='line_1_34' title="bbox 348 2761 1124 2832; baseline 0.015 -25"><span class='ocrx_word' id='word_1_135' title='bbox 348 2761 462 2808; x_wconf 90' lang='lat' dir='ltr'>Non</span> <span class='ocrx_word' id='word_1_136' title='bbox 486 2762 712 2812; x_wconf 89' lang='lat' dir='ltr'>feminam</span> <span class='ocrx_word' id='word_1_137' title='bbox 730 2772 785 2814; x_wconf 91' lang='lat' dir='ltr'>tu</span> <span class='ocrx_word' id='word_1_138' title='bbox 810 2771 1124 2832; x_wconf 87' lang='lat' dir='ltr'>prospexisti,</span> 
     </span>
    </p>

    <p class='ocr_par' dir='ltr' id='par_1_15' title="bbox 349 2838 1277 2912">
     <span class='ocr_line' id='line_1_35' title="bbox 349 2838 1277 2912; baseline 0.017 -27"><span class='ocrx_word' id='word_1_139' title='bbox 349 2838 465 2887; x_wconf 90' lang='lat' dir='ltr'>Non</span> <span class='ocrx_word' id='word_1_140' title='bbox 491 2841 732 2904; x_wconf 81' lang='lat' dir='ltr'>virginem</span> <span class='ocrx_word' id='word_1_141' title='bbox 757 2847 981 2908; x_wconf 89' lang='lat' dir='ltr'>suspiriis</span> <span class='ocrx_word' id='word_1_142' title='bbox 1005 2848 1241 2912; x_wconf 81' lang='lat' dir='ltr'>expetisti</span> <span class='ocrx_word' id='word_1_143' title='bbox 1264 2872 1277 2908; x_wconf 73' lang='grc' dir='ltr'><strong><em>ς</em></strong></span> 
     </span>
    </p>
   </div>
  </div>
 </body>
</html>
