1650 3048
201 177 262 221 44
554 170 824 220 Chibiabus
849 170 956 216 and
986 166 1266 225 Quasinda.

393 318 485 365 Ille
508 316 698 379 quoties
723 319 933 372 caneret,
960 313 1099 359 vicus
1123 309 1443 367 auscultabat,

327 393 565 442 Omnibus
589 390 898 454 congregatis
921 389 1255 446 bellatoribus,

329 470 567 520 Omnibus
592 468 1044 517 circumfluentibus
1068 465 1264 513 feminis
1285 484 1299 521 ;

329 547 520 607 Quibus
539 546 788 595 excelsum
813 559 944 590 nunc
969 543 1223 604 injiciebat
1245 541 1477 598 animum,

326 625 377 672 N
380 642 472 673 unc
495 625 690 672 mollem
712 622 1097 670 misericordiam
1129 620 1305 667 ciebat.

393 704 562 751 Tibias
586 717 613 749 e
636 702 769 750 cavis
795 700 991 748 calamis

325 781 448 828 Tam
472 776 648 827 canora
670 779 872 826 lenitate
896 778 1056 835 finxit,

328 860 398 908 Ut
421 865 609 907 torrens
633 861 815 922 agresti
842 861 892 906 in
916 860 1112 905 dumeto

326 936 426 984 Sua
449 937 724 983 cohibuerit
746 952 1011 993 murmura,

324 1013 554 1074 Avesque
576 1018 723 1060 cantu
747 1014 1040 1072 destiterint,

324 1090 391 1137 Et
415 1090 602 1137 sciurus
626 1088 782 1138 cauda
805 1088 969 1138 erecta

326 1167 385 1214 In
409 1182 593 1229 quercu
618 1168 854 1216 desiverit
878 1169 1137 1230 garritum,

324 1244 391 1291 Et
415 1245 669 1292 cuniculus
693 1261 813 1293 voce
838 1246 1081 1292 delenitus

325 1321 535 1369 Natibus
560 1324 826 1384 suppositis
852 1324 1104 1370 insederit.

390 1399 549 1461 Atqui
572 1405 779 1460 torrens,
807 1417 952 1448 cursu
976 1400 1195 1447 fluminis

326 1476 556 1536 Tardato,
584 1481 612 1502 ‘⁶
633 1477 932 1526 Chibiabe1''
960 1479 1123 1540 inquit
1145 1498 1158 1534 ;

324 1557 351 1578 ‘⁴
368 1554 587 1602 Molliter
611 1561 668 1601 ut
694 1572 794 1602 vox
817 1562 902 1603 tua
926 1562 1108 1615 cantat,

324 1630 406 1678 Sic
430 1631 607 1678 fluctus
630 1648 762 1680 meos
787 1634 957 1680 doceas
983 1634 1200 1681 sonare.”

386 1708 541 1755 Porro
566 1708 788 1772 fringilla
812 1712 1050 1774 cyaneola

321 1788 351 1809 “
368 1784 604 1834 Chibiabe
630 1786 679 1833 !’'
705 1789 868 1849 inquit
893 1789 1062 1835 invida
1083 1807 1097 1845 3

325 1864 354 1886 “
370 1860 557 1910 Cantus
593 1864 698 1912 sine
722 1881 854 1912 more
879 1871 1150 1927 protervos,

326 1937 478 1987 Velut
501 1946 628 2000 tuos,
654 1942 879 1990 effreneis
903 1960 980 1991 me
1005 1945 1226 1991 doceas.’'

388 2015 519 2076 Quin
542 2020 790 2079 rubecula,
818 2022 964 2082 plena
987 2023 1182 2084 gaudio,

330 2096 360 2118 “
377 2094 551 2154 Melos,
577 2095 621 2144 Ο
647 2096 887 2146 Chibiabe
906 2098 956 2145 !’'
992 2100 1170 2161 inquit,

327 2174 355 2195 ‘⁴
372 2171 528 2220 Dulce
552 2189 608 2221 ac
631 2180 854 2222 tenerum
879 2182 933 2222 tu
958 2176 1131 2224 doceas
1155 2192 1247 2236 me,

325 2248 479 2297 Velut
503 2256 657 2311 tuum,
684 2253 936 2300 abundans
961 2253 1203 2302 laetitia?

390 2328 526 2388 Mox,
552 2331 685 2378 tristi
708 2333 903 2393 plorans
930 2333 1166 2395 singultu,

330 2404 690 2470 Caprimulgus,
718 2411 747 2434 “
766 2409 1005 2458 Chibiabe
1030 2410 1086 2457 !''
1130 2411 1305 2472 inquit,

333 2486 361 2507 “
380 2483 651 2532 Luctuosos
674 2502 752 2534 me
778 2488 953 2535 doceas
979 2504 1137 2548 sonos,

337 2559 572 2621 Acerbos,
601 2563 755 2610 instar
778 2567 1022 2613 tuorum?

399 2637 529 2685 Nam
552 2641 793 2703 quidquid
819 2648 958 2689 sonat
981 2643 1191 2703 Natura,

337 2713 423 2760 Ex
440 2715 587 2776 hujus
611 2717 782 2782 lingua
807 2721 1009 2767 sonabat
1034 2722 1234 2768 suavius
1258 2741 1270 2778 3

340 2789 408 2837 Et
432 2793 670 2855 quidquid
693 2812 775 2843 cor
798 2798 1052 2846 hominum
1075 2800 1278 2859 emollit,
