1650 3048
472 157 689 193 GARMEN
722 155 1072 191 mAWA'rHAE.

204 289 302 337 His
326 288 445 336 locis
463 289 718 337 etiamtum
743 287 1097 348 immorantem,

206 366 495 428 Quanquam
518 365 676 412 omnis
698 364 846 426 hujus
870 365 1083 427 populus
1098 363 1389 427 Jamdudum

203 443 289 491 Ad
312 443 509 491 Aestivi
532 444 782 506 regionem
807 443 1098 491 decesserat.

205 521 337 568 Tum
361 520 662 569 vociferatur
687 526 831 567 atrox
853 519 1091 568 Arcticus
1112 536 1126 567 ι

205 600 235 623 “
253 597 377 657 Quis
399 598 482 646 hic
505 613 582 645 me
606 598 961 645 contumaciter
984 590 1175 660 spernit
1196 597 1218 645 ?

205 675 330 735 Quis
353 676 435 722 hic
458 675 606 723 audet
627 675 749 723 meis
775 676 945 737 regnis
969 675 1235 734 immorari,

204 752 401 800 Niveus
424 758 683 814 postquam
706 768 851 800 anser
875 753 1069 800 decedit

202 830 374 892 Atque
396 831 544 878 ardea
566 831 692 892 petit
714 831 971 878 meridiem
991 829 1013 878 ἓ

206 907 373 970 Hujus
397 923 490 971 ego
517 909 569 955 in
593 908 810 956 casulam
834 909 1090 971 ingressus

201 985 537 1048 Exstinguam
560 986 916 1033 immorientem
934 986 1146 1049 ignem.''

271 1063 448 1124 Itaque
473 1069 622 1110 noctu
647 1065 786 1110 venit
808 1063 1058 1124 Arcticus,

205 1141 441 1188 Fremens
466 1142 570 1188 sine
595 1157 744 1200 more,
770 1143 833 1188 ad
857 1143 1105 1199 casulam3

205 1219 288 1278 Et,
315 1219 507 1265 nivium
531 1220 739 1266 cumulis
764 1220 953 1267 circum
976 1221 1214 1281 conflatis,

204 1296 305 1344 Per
328 1296 499 1343 tubum
524 1296 788 1344 fumarium
811 1298 1029 1346 clamitat
1051 1300 1278 1362 desuper.

204 1373 332 1421 Mox
355 1374 585 1421 tibicines
609 1374 802 1421 casulae
827 1374 1123 1424 furibundus
1146 1383 1363 1439 quassat,

204 1451 345 1500 Velis
371 1452 485 1498 ostii
509 1452 761 1514 plangens.

209 1527 308 1578 Sed
330 1529 451 1576 haec
475 1544 636 1590 neque
659 1530 911 1577 terrebant
937 1529 1247 1595 Colymbum,

207 1606 386 1668 Neque
409 1606 609 1653 omnino
633 1607 708 1653 illi
732 1614 873 1655 erant
896 1623 1057 1657 curae.

205 1683 407 1731 Etenim
431 1684 598 1746 ignem
620 1684 815 1732 alebant
841 1686 960 1734 satis

206 1761 443 1823 Ingentes
468 1762 658 1823 stipites
683 1768 894 1823 quatuor

208 1839 270 1886 In
296 1840 511 1902 singulos
535 1842 745 1887 menseis
769 1841 1012 1901 bibemos,

206 1917 476 1979 Piscesque
500 1918 546 1965 ei
571 1918 734 1965 cibum
758 1918 1076 1968 sufficiebant.

208 1994 287 2042 Ibi
309 1996 553 2043 assidebat
575 1996 769 2042 ardenti
793 1997 994 2056 camino,

211 2071 388 2122 Calore
411 2072 557 2131 fotuS‚
584 2088 805 2132 vescens,
831 2073 1016 2133 hilaris,

209 2149 492 2212 Ridensque
517 2151 756 2210 cantabat,
785 2151 966 2198 “Heus
990 2151 1193 2200 Arctice
1213 2153 1225 2200 Ξ

212 2226 292 2275 Tu
316 2243 507 2275 mecum
529 2228 715 2290 pariter
738 2243 791 2276 es
814 2235 977 2276 tamen
999 2230 1262 2279 mortalis.’'

279 2306 403 2353 Mox
428 2306 533 2367 ipse
558 2306 774 2353 intrabat
790 2305 1028 2354 Arcticus
1051 2325 1064 2354 ε

214 2383 372 2444 Quem
395 2385 488 2431 etsi
513 2377 778 2447 Colymbus
802 2385 1021 2433 urinator

212 2461 407 2510 Adesse
431 2462 676 2510 intellexit
699 2461 898 2526 frigore,

216 2538 488 2590 Glacialem
513 2541 724 2588 sentiens
747 2540 952 2587 halitum
975 2560 990 2597 ς

215 2617 400 2665 Tamen
423 2633 579 2680 neque
603 2624 796 2666 cantare
821 2618 1019 2678 destitit,

214 2697 392 2758 Neque
415 2697 498 2745 ille
521 2697 683 2745 ridere
706 2697 909 2745 scilicet.

220 2773 447 2837 Stipitem
472 2775 708 2823 duntaxat
731 2775 930 2838 paulum
953 2777 1183 2836 versavit,

1416 145 1475 191 15
