1650 3048
222 194 284 252 28

620 196 743 252 Visz‘t
766 210 815 249 to
838 200 919 249 the
942 200 1051 248 Far·
1086 197 1230 248 West.

356 350 553 412 Iaspare
571 348 830 411 praefixae,
857 345 1032 407 pennis
1057 344 1229 401 alatae,

360 426 547 476 Sumsit
568 442 711 488 porro
735 429 925 472 caestus
951 422 1198 484 digitaleis

355 504 525 565 Atque
548 518 713 550 ocreas
737 503 788 548 vi
811 498 1002 562 magica
1026 500 1254 545 imbutas.

419 581 703 628 Admonens
729 579 857 625 dixit
881 577 1046 624 vetula
1068 576 1120 623 N
1122 576 1332 622 ocomis:

357 658 661 705 “Hiawatha
685 657 695 704 1
740 661 910 704 caveto
934 670 996 701 ne
1019 654 1225 715 prodeas

355 736 417 782 In
440 735 761 797 longinquum
784 732 991 780 Favonii
1013 747 1233 794 regnum.

353 810 405 859 N
408 828 434 859 e
457 810 647 874 magica
670 818 718 859 te
742 816 847 858 arte
870 809 1056 857 necet.’'

424 890 611 937 Tamen
638 889 902 935 Hiawatha
925 886 1198 947 intrepidus

356 959 591 1013 Muliebri
613 966 799 1012 monito
822 979 920 1011 non
936 962 1193 1020 auscultat,

359 1043 456 1092 Sed
480 1044 531 1089 in
556 1044 727 1090 silvam
747 1057 798 1089 se
823 1040 1034 1103 projicit,

356 1120 627 1183 Gigantum
651 1121 842 1167 incessu
866 1115 1200 1181 progrediens.

357 1198 596 1244 Luridum
615 1212 823 1259 superne
849 1196 1054 1255 caelum,

354 1275 542 1322 Lurida
565 1274 696 1322 infra
718 1280 850 1321 terra
873 1274 1148 1331 videbatur,

352 1352 553 1414 Ae'rque
578 1352 706 1399 circa
731 1351 978 1410 suffocare,

355 1430 511 1476 Fumo
534 1436 681 1491 atque
706 1430 820 1492 igne
846 1428 1032 1490 spissus

354 1507 428 1555 Ut
452 1513 700 1568 pratorum
725 1522 780 1553 ac
803 1515 1054 1553 nemorum
1077 1505 1401 1552 incensorum.

355 1584 555 1631 Etenim
578 1585 710 1631 intus
735 1600 818 1631 cor
841 1584 1089 1642 urebatur,

353 1662 508 1709 Velut
531 1662 661 1708 vivis
685 1662 857 1723 prunis
880 1660 1109 1724 flagrans.

348 1739 524 1800 Itaque
549 1736 788 1800 processit
811 1741 870 1786 ad
898 1738 1218 1788 Occidentem
1242 1747 1446 1800 semper,

340 1817 632 1864 Pernicibus
657 1817 817 1864 cervis
842 1832 969 1878 pone
992 1816 1194 1875 relictis,

344 1894 537 1941 Relicto
563 1895 822 1956 antelapho
846 1910 903 1941 ac
926 1895 1150 1941 bonasso.

344 1972 607 2018 Esconabii
634 1970 830 2032 trajecit
854 1976 1136 2029 torrentem,

343 2048 562 2109 Trajecit
584 2050 852 2095 maximum
876 2048 1241 2109 Missisippium
1260 2067 1272 2103 ;

344 2126 469 2173 Mox
492 2127 699 2173 monteis
725 2142 1005 2187 camporum
1028 2126 1366 2181 herbosorum,

343 2203 681 2264 Corvinosque
705 2218 761 2250 ac
784 2202 1032 2264 Vulpinos
1056 2203 1325 2264 praeteriit,

343 2281 411 2327 Et
434 2296 558 2342 pone
582 2281 913 2342 Nigripedum
940 2281 1096 2328 sedeis

343 2356 405 2404 In
430 2358 584 2419 ipsius
609 2358 817 2405 Favonii
841 2373 1052 2420 regnum

342 2434 427 2481 Ad
449 2437 658 2483 monteis
687 2435 900 2484 Saxosos
924 2421 1186 2497 pervenit}

348 2510 566 2571 Quorum
590 2514 641 2559 in
665 2514 998 2561 cacuminibus
1022 2513 1309 2574 procellosis

351 2588 650 2637 Consederat
673 2596 817 2638 vetus
842 2588 1117 2653 Magiceius

347 2666 621 2714 Ventorum
645 2669 928 2715 caelestium
951 2668 1198 2731 regnator.

414 2740 728 2791 Hiawatham
750 2751 977 2807 aspectus
1002 2747 1157 2807 patris

349 2819 541 2868 Pavore
564 2823 841 2870 verecundo
866 2823 1143 2872 commovit.
