1650 3048
241 225 305 269 20

654 213 805 264 Birta
827 212 894 276 of
903 209 1196 259 Hiawatlza.

738 640 976 694 CAPUT
1000 638 1100 690 ΙΙΙ.

639 784 966 820 HIAWATHAE
991 780 1259 816 PUERITIA.

445 905 585 952 OLIM
609 902 890 964 vespertino
912 898 1203 961 crepusculo

441 983 502 1029 In
525 982 694 1029 diebus
718 981 961 1028 oblivione
985 977 1173 1035 deletis,

441 1060 502 1106 In
526 1058 700 1106 seculis
722 1053 954 1104 memoria
977 1055 1180 1115 elapsis,

441 1133 597 1182 Plena
614 1132 729 1182 luna
753 1133 935 1180 decidit
956 1130 1205 1185 Nocomis,

441 1213 742 1260 Pulcerrima
763 1211 814 1258 N
817 1210 995 1257 ocomis
1020 1208 1216 1267 decidit,

440 1290 680 1347 Matrona,
709 1289 793 1335 sed
814 1288 1028 1334 nondum
1051 1291 1219 1331 mater.

509 1367 603 1413 Illa
627 1382 737 1413 cum
760 1365 948 1412 ancillis
972 1363 1170 1410 ludebat

446 1444 687 1492 Oscillans
712 1459 738 1490 e
761 1438 985 1489 labrusca
1008 1439 1200 1502 pensili,

447 1520 651 1579 Quando
674 1520 826 1582 ipsius
850 1518 1039 1566 aemula
1060 1523 1205 1578 atque
1230 1515 1410 1573 invida,

449 1598 629 1645 Dolore
653 1597 874 1658 repulsae
898 1601 1133 1657 permota,

442 1668 694 1722 ⁴Pendulas
717 1674 923 1721 abscidit
945 1672 1214 1730 resticulas,

449 1752 678 1798 Ramulos
701 1752 950 1798 labruscae
975 1755 1236 1797 contortos.

450 1829 590 1877 Illico
614 1829 876 1891 perterrita
897 1828 948 1874 N
951 1828 1130 1875 ocomis

450 1907 744 1968 Vespertino
768 1905 1054 1967 crepusculo
1078 1903 1262 1951 decidit

453 1984 513 2030 In
536 1984 761 2030 floridum
784 1983 913 2044 prati
937 1982 1192 2044 gremium.

455 2063 483 2085 ‘⁶
499 2060 577 2107 En
599 2060 610 2107 1
648 2060 786 2107 stella
811 2060 941 2108 cadit
967 2060 1023 2106 :”
1049 2060 1278 2121 inquiunt
1301 2058 1497 2121 passim.

458 2140 487 2162 “
510 2136 661 2186 Stella
684 2138 743 2185 de
767 2138 899 2184 coelo
923 2138 1052 2184 cadit
1077 2136 1308 2184 scilicet.'’

521 2215 613 2273 Ibi,
639 2216 767 2262 inter
790 2215 942 2262 filices
966 2230 1022 2262 ac
1044 2230 1266 2262 muscum

455 2292 621 2353 Atque
645 2293 772 2339 inter
794 2292 901 2339 lilia
923 2292 1184 2354 pratensia,

454 2370 552 2416 Per
576 2385 768 2431 campos
793 2369 1082 2417 immensum
1104 2370 1302 2417 floridos

454 2444 595 2495 Luna
618 2448 868 2509 stellisque
892 2448 1180 2495 sublustreis

459 2524 637 2572 Pulcra
658 2525 892 2572 Nocomis
915 2525 1064 2571 filiam
1088 2525 1258 2583 edidit,

463 2599 617 2659 Quam
639 2603 907 2664 appellavit
928 2602 1295 2665 Primigeniam,

464 2676 605 2736 Quod
628 2686 754 2726 esset
778 2680 870 2726 sibi
894 2680 1181 2741 primigena.

460 2754 595 2802 Haec
617 2758 914 2817 pratensium
936 2757 1151 2804 liliorum
1174 2757 1327 2804 instar

463 2830 673 2881 Procera
695 2834 987 2898 gracilisque
1010 2835 1240 2894 adolevit,
