1650 3048
173 196 236 244 98

592 189 827 254 δευενὶτῃ
850 190 918 253 of
942 188 1147 238 Winter.

595 762 599 767 ·
659 744 902 794 CAPUT
942 743 1119 792 XVII.

550 897 823 933 msonssus
858 897 1207 933 HIAWATHAE.

308 1024 371 1072 IN
396 1021 562 1072 casula
585 1029 786 1085 propter
809 1032 1002 1071 amnem
1024 1024 1240 1087 gelatum

312 1101 524 1152 Sedebat
547 1117 699 1150 senex
722 1106 938 1149 moestus
964 1102 1227 1160 solitariUS‚
1276 1147 1278 1149 ,

307 1179 524 1227 Nivibus
549 1179 838 1241 capillorum
861 1182 1034 1238 canus,
1120 1205 1123 1207 >

308 1256 703 1319 Contremiscens
730 1272 929 1320 segnem
953 1258 1015 1303 ad
1039 1256 1216 1315 focum,

305 1333 492 1381 Lacero
517 1334 781 1385 obvolutus
805 1334 969 1396 pallio.

305 1411 450 1458 Nihil
472 1411 612 1459 hicce
636 1417 828 1473 praeter
853 1417 1107 1458 ventosam
1131 1411 1397 1473 procellam

305 1488 368 1535 In
393 1485 519 1536 silva
542 1494 931 1550 perstrepentem
955 1489 1185 1539 audiebat
1208 1506 1218 1535 ε

305 1565 450 1612 Nihil
474 1566 703 1612 cernebat
727 1571 925 1627 praeter
948 1566 1109 1613 niveis

312 1642 596 1691 Sibilanteis
620 1648 671 1690 et
695 1649 846 1696 vento
870 1649 1136 1696 contortas.

378 1719 563 1782 Sopitis
588 1719 869 1767 favillarum
892 1721 1115 1780 flammis,

307 1797 406 1844 Per
430 1803 654 1858 apertum
678 1798 857 1845 ostium
881 1799 1087 1845 intravit

308 1874 613 1922 Adolescens
638 1891 810 1938 gressu
833 1876 948 1934 levi,

311 1950 466 2013 Cujus
490 1952 543 1998 in
566 1953 707 2014 genis
731 1953 939 2000 rubebat
963 1954 1163 2017 sanguis

309 2028 573 2089 Juventae,
598 2030 869 2092 mollesque
893 2031 1023 2078 oculi

310 2106 385 2154 Ut
408 2122 561 2153 verna
586 2107 816 2155 lucebant
840 2108 1017 2156 sidera.

309 2183 468 2231 Frons
492 2185 633 2232 vittis
656 2185 920 2233 herbarum
944 2185 1285 2250 fragrantium,

310 2261 568 2323 Tanquam
591 2260 771 2311 corona
794 2263 875 2311 vel
900 2262 1064 2323 crista,
1090 2265 1352 2313 redimitur

309 2339 468 2387 Labra
491 2340 824 2402 pulcritudine
847 2342 1092 2401 renident,

311 2416 458 2465 Unde
482 2423 585 2465 tota
607 2419 859 2479 apricatur
882 2419 1062 2468 casula.

309 2495 489 2543 Manus
514 2512 729 2559 gemmas
752 2512 809 2544 ac
831 2497 1059 2545 flosculos
1083 2504 1258 2562 gestat,

312 2571 539 2620 Casulam
562 2575 793 2622 odoribus
817 2575 1098 2637 replenteis.

378 2652 406 2674 ‘⁶
421 2650 508 2697 Ah
532 2651 603 2698 fili
625 2651 635 2698 Σ
655 2653 680 2673 ”
705 2653 950 2700 exclamat
975 2668 1128 2702 senex
1152 2674 1165 2711 3

312 2729 340 2750 “
356 2727 594 2776 Revisisti
619 2745 709 2789 me,
739 2731 904 2778 oculos
927 2731 1096 2779 beans.

310 2804 410 2853 Hic
433 2806 554 2854 mihi
578 2807 816 2869 assidens,
840 2825 1013 2858 enarra
