1650 3048
137 225 201 275 70

434 220 865 283 Weddiny-danee
889 217 951 281 by
988 218 1242 269 Ventosus.

267 367 392 414 Mox
416 382 481 414 ex
505 362 734 414 crumena
756 362 941 412 lutrina

264 445 499 491 Nocomis
525 448 723 490 strenua
745 442 943 489 tubulos

266 522 460 569 Tabaco
482 520 703 582 opplevit
725 518 982 577 Austrino,

264 597 390 647 Cum
414 598 596 645 cortice
619 612 787 644 russae
812 596 974 643 salicis

261 675 513 736 Foliisque
537 673 869 736 fragrantibus
894 673 1138 720 immistis.

262 752 391 798 Tum
413 752 476 799 ad
500 752 821 799 convivarum
845 751 1292 813 splendidissimum

260 828 524 887 Conversa,
554 831 583 854 “
604 828 648 877 O
672 827 892 876 Ventose
918 826 1034 892 (ait)
1059 828 1323 876 bellissime
1346 828 1357 875 1

259 907 450 954 Saltatu
474 922 563 953 nos
586 907 751 968 aliquo
776 906 994 965 solemni,

258 984 551 1030 Faustarum
575 984 627 1030 in
650 984 860 1046 gratiam
884 984 1183 1045 nuptiarum,

255 1060 510 1120 Exhilara,
538 1076 731 1122 quaeSO,
759 1061 800 1106 si
824 1060 990 1107 libet.''
1062 1066 1064 1068 ’
1154 1116 1157 1117 ⁷

318 1138 425 1198 Ille,
452 1138 784 1200 improborum
807 1138 1122 1197 bellissimus,

249 1215 656 1263 Adolescentium
681 1216 941 1262 stultorum
966 1216 1337 1275 solertissimus„

248 1292 287 1339 J
289 1293 498 1340 ocularis
521 1293 785 1339 hilaritatis
810 1308 992 1352 scurra,

249 1369 551 1432 Artifexque
575 1370 784 1418 effrenae
807 1372 1160 1432 protervitatis,

248 1447 414 1494 Ludos
439 1448 647 1495 callebat
669 1448 992 1507 umbratileis,

247 1515 486 1587 idemque
509 1531 560 1572 et
583 1526 776 1587 apricos
801 1531 851 1573 et
874 1526 1081 1573 nivaleis
1100 1545 1113 1582 3

250 1600 366 1649 Sive
390 1602 679 1650 latrunculis
704 1602 972 1650 ludendum
997 1603 1125 1652 foret
1150 1604 1230 1653 vel
1256 1605 1408 1665 disco,

249 1679 368 1728 Sive
393 1681 541 1728 soleis
565 1680 769 1728 nivariis
795 1682 1085 1729 saltandum.

242 1756 294 1803 A
316 1757 635 1804 bellatoribus
659 1759 852 1820 probris
876 1760 1074 1821 petitus,

243 1837 319 1884 Ut
342 1837 566 1897 imbellis,
593 1839 772 1900 segnis,
798 1838 999 1898 aleator,

242 1914 562 1961 Feminarum
587 1917 638 1962 se
662 1916 824 1963 arrisu
849 1917 1111 1976 solabatur,

243 1989 395 2050 Quae,
422 1992 648 2053 quamvis
672 1993 962 2054 improbum,
991 1994 1265 2058 diligebant

245 2067 519 2116 Stultorum
544 2068 950 2118 formosissimum
973 2072 1267 2134 Ventosum,

239 2143 394 2203 Quem
419 2146 599 2209 vulgus
622 2148 900 2208 appellabat
921 2149 1292 2199 Procellarium.

237 2222 471 2270 Dameam
493 2224 694 2271 indutus
718 2225 949 2285 tunicam,

242 2298 439 2358 Albam,
463 2301 673 2360 mollem,
698 2301 962 2351 mustelina
985 2311 1305 2366 praetextam,

241 2375 480 2425 Murice'is
504 2378 938 2442 interfulgentibus
962 2384 1167 2444 gemmis
1190 2402 1203 2440 3
1293 2411 1296 2414 ,

239 2453 476 2502 Tibialeis
501 2456 723 2503 cervinas
747 2458 985 2520 gestabat,

237 2528 342 2577 Has
366 2532 560 2594 quoque
582 2540 866 2595 praetextas
891 2536 1060 2598 spoliis
1087 2564 1089 2566 v

235 2606 317 2653 Ex
340 2609 560 2658 erinaceo
583 2609 790 2674 albaque
813 2612 1055 2672 mustela3

234 2684 364 2731 Dein
387 2701 551 2735 ocreas
567 2690 694 2736 *item
718 2692 955 2752 cervinas,

229 2759 430 2809 Crebris
455 2765 606 2826 spinis
630 2769 932 2832 gemmisque
958 2771 1303 2823 interstinctas.

231 2837 408 2888 Pluma
431 2840 617 2891 olorina
639 2845 869 2895 cristatus
893 2854 1056 2911 caput,
