1650 3048
137 207 201 256 72

446 197 671 263 Nuptial
698 195 837 257 Sony
862 192 923 256 by
948 189 1234 240 Chibz’abus.

264 346 377 395 Illic
395 360 452 402 ‚se
476 341 665 406 placide
686 337 880 386 flabello

266 425 348 471 Ex
373 419 721 483 meleagridum
743 415 918 477 pennis
937 411 1164 460 ventilat.

267 502 347 548 Tu
370 515 498 557 vero,
525 498 591 559 (si
614 496 776 558 placet
799 492 996 540 credere

268 577 403 637 Quae
426 575 627 623 tradidit
650 578 788 619 vates
810 569 862 617 N
864 564 1140 625 awadaha‚)

266 658 546 705 Etiamnum
571 655 623 700 in
646 650 734 699 ora
756 649 894 697 lacus

268 733 510 782 Tumulos
535 744 758 779 arenosos
782 728 966 783 videas,

267 812 404 871 Quos
428 813 477 858 in
503 809 688 871 nuptiis
713 805 1007 854 Hiawathae

266 888 524 951 Congessit
546 885 686 933 vafer
708 884 792 931 ille
814 883 1083 930 Ventosus.

329 967 511 1013 Postea
532 979 597 1011 ex
623 961 864 1011 Chibiabo
884 958 1088 1014 musico,

266 1043 497 1093 Omnium
521 1045 825 1088 cantatorum
848 1035 1136 1083 dulcissimo

268 1121 561 1181 Summoque
583 1117 739 1164 amico
763 1113 1073 1170 Hiawathae‚

267 1198 474 1248 Carmen
498 1195 731 1258 petebant
754 1197 991 1247 tenerum,

263 1275 564 1331 Jucundum,
591 1271 826 1319 festivum
849 1282 1058 1324 carmen,

266 1352 567 1413 Nuptiarum
592 1348 862 1395 faustarum
885 1344 1168 1405 alloquium.

268 1430 342 1476 At
366 1429 490 1475 lenis
515 1426 769 1486 dulcisque
792 1425 909 1485 ipse,

265 1506 577 1553 Hiawatham
601 1509 650 1550 et
674 1500 1026 1548 Minnehaham
1051 1503 1307 1554 contuens,

267 1584 415 1631 Dulci
440 1598 559 1630 voce
583 1576 848 1628 tenerrima

266 1660 476 1709 Cautum
501 1656 754 1720 profundit
776 1654 1136 1711 mollissimum,

266 1738 728 1785 Effascinamentum
752 1732 981 1795 pectoris.

332 1818 361 1839 “
387 1814 431 1863 O
455 1828 563 1860 mea
585 1811 776 1868 dilecta,
801 1806 1181 1871 expergiscere!

267 1893 385 1940 Flos
410 1890 532 1940 mihi
557 1888 811 1945 silvestris,
837 1886 945 1933 avis
968 1884 1213 1947 pratensis
1236 1882 1249 1929 1

270 1969 420 2029 Quae,
447 1967 599 2015 oculis
622 1964 912 2012 hinnuleum
934 1962 1280 2018 referentibus,

272 2046 326 2095 Si
350 2061 427 2093 me
452 2044 643 2106 aspiciS,
670 2047 906 2104 protenus
930 2039 1196 2097 exhilaror,

271 2127 345 2175 Ut
367 2141 477 2173 rore
502 2124 607 2170 lilia
630 2122 891 2185 pratensia.

271 2204 431 2251 Dulce
456 2210 511 2250 tu
536 2202 658 2248 mihi
681 2217 746 2248 ex
770 2216 854 2247 ore
875 2199 1029 2258 halas,

273 2282 347 2329 Ut
371 2280 602 2327 matutini
626 2278 848 2341 fragrant
870 2277 1014 2324 flores
1038 2295 1053 2332 3

274 2359 348 2407 Ut
372 2359 422 2404 in
448 2372 613 2404 mense
637 2356 914 2403 cadentium
938 2354 1167 2401 foliorum

274 2435 518 2498 Fragrant
542 2434 689 2481 iidem
715 2432 1000 2494 vespertini.

271 2512 449 2558 Nonne
473 2518 613 2558 tuum
636 2510 698 2557 ad
721 2524 982 2557 occursum
1007 2508 1208 2571 sanguis
1231 2523 1369 2556 meus

272 2588 353 2634 Ex
380 2589 525 2635 corde
549 2587 749 2648 penitus
772 2586 956 2645 exsilit,

271 2665 343 2712 Ut
367 2665 417 2710 in
442 2679 608 2711 mense
634 2664 1018 2711 clarissimarum
1038 2661 1260 2709 noctium

271 2741 656 2787 Exsultant‚sub
679 2740 839 2787 lucem
863 2755 1019 2802 aquae
1041 2738 1062 2786 ’ἓ

272 2818 635 2879 Expergiscere
658 2817 668 2864 Ξ
705 2833 816 2864 nam
840 2833 924 2865 cor
948 2833 1112 2865 meum
1135 2816 1291 2880 gestit

272 2895 408 2942 Tuae
432 2895 641 2942 viciniae
665 2896 927 2956 conscium,
