1650 3048
126 220 217 285 74'

554 229 726 292 Iayo’s
750 227 909 290 Fairy
943 224 1071 273 Tale
1083 260 1093 271 .

635 670 875 721 CAPUT
910 668 1037 716 XII.

592 834 803 869 IAGoms
839 832 1066 868 FABULA.

264 973 465 1021 NUMNE
490 970 582 1018 Sol
604 971 857 1019 descendit
874 970 925 1017 in
944 983 1155 1031 aequore
1177 966 1198 1014 Ρ

258 1050 407 1099 Anne
432 1049 569 1108 illud,
594 1048 725 1110 quod
748 1053 885 1094 natat
910 1047 1155 1107 volatque,

260 1127 432 1189 Aquas
456 1131 505 1173 et
527 1129 640 1173 aera
663 1125 918 1187 splendore
942 1124 1194 1186 tinguens,

260 1203 432 1252 Ruber
455 1208 529 1251 est
560 1202 697 1261 Olor,
723 1218 896 1249 cruore
919 1200 1069 1248 vitali

259 1281 618 1343 Purpurissans
642 1280 817 1327 nubeis
840 1285 891 1326 et
913 1279 1084 1336 undas,

260 1356 459 1422 Magica
483 1358 766 1405 vulneratus
791 1354 1015 1419 sagitta?

259 1437 353 1495 En,
378 1451 552 1484 revera
578 1435 663 1484 Sol
687 1435 983 1483 descendens

262 1515 456 1561 Pronus
481 1528 532 1560 se
556 1513 734 1575 mergit
758 1513 808 1558 in
832 1527 1027 1573 aequor.

260 1591 463 1639 Caelum
478 1606 693 1653 purpuro
718 1590 1055 1652 distinguitur,

260 1668 437 1717 Undae
462 1668 724 1730 puniceum
744 1667 953 1715 fervent.

259 1745 416 1794 Immo
438 1745 449 1793 l
475 1746 587 1793 illac
606 1746 786 1792 labitur
811 1744 933 1794 Olor
957 1743 1273 1807 sanguineus,

258 1822 474 1885 Jamjam
495 1823 605 1870 lacu
629 1823 980 1870 immoriturus.

260 1899 470 1947 Alarum
494 1900 749 1962 splendore
772 1900 960 1947 caelum
983 1903 1191 1960 occupat
1211 1916 1224 1953 ς

260 1976 447 2026 Cruore
469 1977 648 2024 fluctus
672 1978 843 2025 inficit.

261 2054 419 2117 Super
444 2054 538 2102 hoc
563 2055 705 2102 stella
727 2054 1010 2116 vespertina

262 2132 361 2180 Per
378 2132 613 2194 liquidam
643 2137 917 2193 purpuram'
932 2130 1191 2189 tremiscit,

256 2210 317 2257 In
340 2210 606 2257 fluctuante
630 2209 918 2271 crepusculo
944 2223 1212 2270 suspensa;

257 2287 371 2335 Nisi
397 2288 438 2334 si
462 2287 589 2334 illud.
608 2302 800 2350 gemma
822 2292 899 2334 est
921 2287 1138 2333 muricea

254 2363 316 2411 In
341 2362 472 2427 palla
495 2365 708 2426 supremi
732 2365 1010 2423 Daemonis‚

262 2442 359 2502 Qui
383 2458 471 2505 per
490 2443 831 2505 crepusculum
856 2442 1142 2504 exspatians

266 2520 468 2568 Caelum
486 2522 715 2568 emEtitur
739 2521 937 2569 tacitus·

259 2598 397 2645 Haec
419 2598 576 2646 laetus
599 2598 727 2645 vidit
749 2599 885 2661 Iago,

259 2675 501 2737 Dixitque
526 2693 538 2722 τ
575 2678 604 2700 “
623 2676 703 2722 En
729 2692 920 2724 sacrum
945 2677 1079 2724 sidus
1107 2677 1118 2724 Ξ

259 2751 446 2800 Audite
464 2752 676 2800 fabulam
698 2754 972 2802 mirabilem

264 2830 342 2878 De
369 2829 555 2879 Sideris
572 2831 862 2894 Vespertini
885 2833 1006 2880 filio.
