1650 3048
150 200 214 247 64

483 193 806 244 Hiawatka²s
828 191 1055 257 Nuptial
1091 190 1220 255 szft.

283 342 422 390 Haec
447 342 506 389 de
521 340 710 402 juvene
732 340 940 401 quodam
964 342 1213 394 venatore,

282 419 381 479 Qui
407 419 613 481 sagittas
637 417 791 479 patris
815 417 1008 478 pridem
1031 420 1215 477 emerat
1237 433 1250 469 ς

284 497 443 557 Quem
467 511 581 543 sane
605 501 745 557 pater
769 494 1055 541 laudaverat

282 575 358 625 Ut
381 574 559 622 fortem
585 574 747 620 virum
772 577 919 633 atque
945 585 1183 633 sagacem.

280 653 480 701 Numne
503 651 682 698 iterum
706 666 735 696 a
756 654 972 696 torrente
996 643 1301 694 Minnehahz‘i

281 729 421 777 Idem
443 729 571 776 forte
596 729 801 791 sagittas
826 733 962 788 petet
976 725 1068 773 ῖ-

283 807 426 855 Talia
448 807 704 864 meditans,
731 806 901 852 vacuis
925 804 1097 863 oculis,

281 886 463 932 Maniis
488 883 755 931 intermisit
778 883 1064 930 industrias.

278 962 419 1010 Inter
441 962 561 1008 haec
585 960 835 1007 frondium
857 960 1066 1022 agitatio

278 1039 348 1087 Et
369 1039 579 1085 hominis
603 1037 800 1100 gressus
823 1039 1022 1084 auditur
1042 1054 1055 1083 z
1144 1101 1147 1103 ‚

277 1118 405 1164 Mox
429 1116 570 1180 genis
594 1120 645 1162 et
670 1114 834 1162 fronte
858 1112 1054 1162 fervida

277 1196 484 1243 Damam
508 1194 560 1240 in
583 1194 787 1240 humero
812 1199 1013 1254 portans

276 1273 471 1321 Prodiit
496 1271 688 1319 subitus
714 1271 996 1318 Hiawatha.

344 1351 493 1397 Illum
519 1346 694 1397 severa
717 1364 829 1396 cum
851 1345 1091 1396 modestia

276 1428 438 1476 Vetus
463 1428 754 1489 sagittarum
778 1426 915 1474 faber

276 1505 561 1568 Assurgens
587 1506 775 1552 salvere
793 1504 951 1566 jubet.

281 1583 380 1633 Sed
403 1583 670 1630 Hiawatha
694 1583 884 1629 damam
907 1598 972 1629 ex
995 1582 1198 1631 humero

276 1661 363 1709 Ad
387 1662 596 1724 virginis
621 1661 769 1722 pedes
795 1660 1027 1722 deponit3

280 1739 416 1799 Quae
440 1740 541 1786 leni
564 1739 706 1785 vultu
730 1754 787 1786 ac
811 1754 932 1786 voce

277 1817 466 1864 Iterum
483 1815 627 1877 jubet
651 1816 790 1863 illum
815 1816 1017 1876 salvere,

276 1894 448 1956 Atque
472 1895 523 1941 in
547 1895 802 1957 tugurium
826 1895 1024 1942 invitat.

276 1971 515 2033 Ampium
540 1987 656 2019 sane
679 1977 783 2018 erat
807 1972 1074 2034 tugurium,

275 2048 430 2110 Cujus
453 2064 541 2110 per
566 2049 713 2095 altam
728 2048 932 2110 januam

274 2127 485 2174 Erectus
510 2127 770 2173 intraverit
793 2128 1089 2185 Hiawatha3

279 2203 377 2252 Sed
400 2205 580 2252 cristae
604 2220 669 2251 ex
693 2205 869 2267 aquilis
895 2206 1133 2254 inhibent.

273 2281 498 2328 Parietes
521 2283 723 2345 tugurii,
751 2283 810 2330 de
834 2283 962 2345 pelle
988 2282 1188 2333 cervina

276 2358 553 2407 Corticibus
577 2357 834 2420 macerata,
861 2361 1027 2409 albent
1050 2363 1195 2410 nitidi
1215 2382 1227 2418 ;

274 2436 510 2498 Ejusdem
534 2438 585 2483 in
610 2438 792 2485 aulaeis
817 2439 1002 2501 depicti

275 2514 493 2577 Fulgent
516 2513 585 2562 Di
610 2516 927 2565 Dacotarum.

277 2591 376 2639 Sed
400 2592 718 2652 Minnehaha,
744 2600 937 2656 promto
960 2595 1083 2653 cibo,

282 2669 471 2730 Aquam
498 2686 524 2717 e
548 2671 711 2718 rivulo
735 2673 903 2719 attulit
925 2692 938 2728 3

278 2746 456 2795 Cibum
479 2749 709 2796 fictilibus
734 2750 786 2796 in
810 2750 936 2810 ollis,

274 2824 454 2872 Potum
479 2825 529 2871 in
551 2826 730 2889 ligneis
754 2831 952 2891 pateris,
