1650 3048
466 157 682 192 CARMEN
717 158 1067 193 HIAWATHAE.

193 287 471 350 Ingenium,
497 287 893 349 pulcritudinem,
910 288 1201 351 juventam:

195 364 376 412 Vestes
401 366 643 412 duntaxat
667 366 908 414 devenere
932 368 1312 430 splendidiores„

196 441 419 492 Candida
442 449 640 491 ornatae
659 442 924 493 mustelina

195 519 265 567 Et
282 516 445 581 penna
467 520 717 569 relucente
740 519 990 584 argentea.

194 596 367 658 Ipsum
391 602 440 644 et
463 599 717 660 tugurium
740 605 816 646 est
838 605 1081 647 mutatum
1103 617 1119 648 ς

194 673 327 721 Nam
350 689 439 736 pro
463 675 641 737 ligneIs
658 677 778 723 tecti
801 677 1089 726 tibicinibus

195 750 481 814 Argenteae
506 751 761 814 fulgebant
778 754 995 815 perticae
1016 773 1031 811 ;

196 827 395 890 Proque
421 829 604 876 cortice
629 831 766 887 tecti,
791 831 960 893 tegula

192 904 413 953 Lucebat
427 906 564 953 velut
588 922 815 969 squamae
839 910 1223 960 scarabaeorum.

194 982 352 1030 Porro
372 1000 489 1030 vasa
511 984 676 1047 lignea
692 1001 749 1033 ac
772 987 944 1033 fictilia

195 1060 258 1107 In
277 1062 529 1108 coccinum
546 1062 781 1109 muricem
799 1065 1069 1124 pretiosum

196 1137 545 1201 Argentumve
570 1139 622 1185 in
640 1155 818 1200 purum
838 1148 952 1189 sunt
966 1149 1168 1192 mutata.

204 1215 303 1265 Sed
321 1216 500 1275 casula,
520 1217 723 1278 abrepta
739 1218 825 1266 illo
850 1220 1053 1280 impetu,

198 1293 299 1341 Per
322 1293 496 1341 nubeis
518 1309 848 1357 vaporemque
872 1296 1174 1357 pellucidum

200 1370 489 1418 Vorticibus
512 1386 741 1418 aurarum
756 1371 956 1433 jactata,

200 1447 424 1496 Tandem
441 1448 572 1495 inter
596 1449 849 1497 caelesteis
870 1452 1156 1513 splendores

205 1525 309 1575 Sub
335 1527 615 1587 vespertino
640 1527 798 1575 sidere
822 1529 1030 1589 quievit,

201 1605 276 1654 Ut
295 1605 384 1651 nix
404 1605 455 1651 in
479 1606 645 1652 nivem
669 1605 961 1666 demittitur,

204 1683 281 1731 Ut
305 1681 480 1729 folium
494 1682 636 1743 aquis
660 1682 849 1731 insidit.

274 1762 304 1785 “
321 1759 402 1807 Ibi
421 1766 561 1821 pater
578 1759 750 1808 Ossaei
773 1760 1068 1821 lenissimus,

205 1838 439 1888 Crinibus
463 1837 654 1885 enitens
678 1842 942 1900 argenteis,

205 1914 368 1963 Vultu
394 1915 477 1962 ille
497 1930 699 1961 serenus
715 1920 886 1962 tenero

207 1993 393 2041 Filium
410 1992 698 2053 complexus
719 1993 926 2054 excipit.

205 2071 321 2120 Illic
346 2086 434 2132 per
450 2070 687 2131 plurimos
702 2085 854 2117 annos

211 2148 315 2198 Sub
334 2148 600 2208 tranquillo
624 2146 845 2208 ejusdem
867 2163 1021 2210 regno

208 2230 549 2292 Tranquillam
573 2229 817 2291 degebant
839 2235 1049 2277 aetatem

210 2308 426 2358 Ossaeus
450 2314 500 2355 et
518 2306 746 2355 Owienia
769 2322 881 2354 cum
904 2307 1187 2359 volucribus

215 2386 330 2436 Suis
348 2385 574 2432 affinibus
589 2385 854 2447 protervis.

210 2464 374 2526 Atqui
399 2462 584 2512 Ossaeo
609 2462 835 2511 Owienia
857 2462 1021 2510 fidelis

212 2542 396 2590 Filium
421 2542 614 2603 peperit
637 2540 1027 2598 dilectissimum,

215 2620 314 2680 Qui
338 2616 494 2666 forma
518 2617 903 2680 pulcritudinem
925 2618 1113 2677 matris,

214 2698 425 2761 Ingenio
448 2703 638 2759 patrem
661 2695 922 2745 referebat.

213 2776 348 2825 Puer
364 2775 462 2835 hic,
487 2790 605 2823 arcu
629 2789 686 2822 ac
711 2773 837 2823 telis

1407 147 1470 197 77
