1650 3048
145 185 212 233 66
495 178 694 227 Return
720 173 842 223 with
864 169 1198 221 Minnehaha.

274 336 374 383 Per
398 332 504 381 loca
527 329 786 388 silvestria,
813 327 1079 389 pratensia,

281 411 461 461 Senem
483 410 710 470 linquens
735 405 1009 453 solitarium

282 490 373 541 Sui
396 488 585 551 tugurii
609 488 662 533 in
678 481 850 548 janua.

278 568 354 615 At
377 565 672 629 praecipites
696 561 853 610 amnis
878 573 1035 621 aquae

281 645 326 693 E
350 643 622 706 longinquo
645 640 950 701 alloquentes

285 717 485 771 Salvere
504 719 745 782 jubebant
768 713 1140 763 Minnehaham.

352 797 517 847 Senex
541 797 603 844 ad
624 795 840 842 laborem
861 792 1057 840 rediens

282 873 473 938 Aprica
497 874 549 920 in
566 869 719 935 janua
743 871 896 929 sedet,

287 954 464 1004 Secum
486 965 794 999 murmurans
818 949 1178 1009 admiransque,

286 1032 432 1092 Quod
455 1030 558 1077 filia
580 1029 763 1076 dilecta
785 1032 835 1075 et
862 1027 946 1088 pia

282 1110 484 1157 Patrem
508 1122 674 1154 senem
700 1105 808 1167 opis
833 1104 1138 1165 indigentem

280 1186 485 1235 Deserit
510 1189 710 1246 propter
734 1183 958 1245 ignotum
975 1179 1228 1242 juvenem,

287 1262 386 1323 Qui
410 1262 585 1325 pennis
610 1260 784 1322 fulget,
812 1258 1011 1306 calamis
1036 1257 1182 1304 ludit.

282 1341 433 1389 Hunc
460 1340 602 1401 virgo
628 1337 853 1398 sequitur
877 1334 1193 1396 pulcerrima,

288 1418 516 1479 Hospitis
540 1413 699 1478 gratia
722 1414 1002 1474 relinquens
1027 1412 1190 1459 omnia
1212 1409 1224 1458 Ξ

356 1493 593 1543 Ceterum
618 1491 969 1539 decedentibus
995 1490 1090 1536 iter

292 1572 596 1629 Jucundum,
622 1585 712 1617 nec
736 1569 952 1630 longum,
979 1567 1257 1625 videbatur,

291 1650 390 1697 Per
414 1649 563 1696 silvas
588 1645 877 1694 immensum
900 1650 1143 1702 extentas,

297 1728 397 1774 Per
421 1726 595 1772 florida
617 1729 773 1786 prata,
800 1738 889 1785 per
911 1722 1137 1780 monteis,

293 1804 393 1852 Per
415 1804 593 1850 fluvios
619 1802 969 1863 depressasque
993 1798 1277 1847 convalleis.

297 1880 511 1929 Tardius
536 1880 859 1934 incedebant3
897 1893 1010 1924 nam
1033 1876 1186 1924 vireis

299 1948 617 2020 conjectabat
639 1956 721 2004 ine
744 1954 1093 2012 Minnehahae‚

301 2034 460 2096 Quam
485 2036 586 2083 suis
611 2035 663 2081 in
687 2034 900 2081 brachiis
924 2033 1154 2095 portabat

301 2114 461 2160 Trans
483 2112 829 2159 latissimorum
852 2110 1070 2157 amnium
1092 2110 1211 2169 vim,

300 2191 409 2238 Nec
433 2190 712 2253 graviorem
734 2180 1023 2235 aestimabat
1045 2183 1214 2250 pluma

302 2268 402 2316 Vel
427 2264 516 2314 sua
539 2266 741 2314 verticis
766 2262 933 2313 crist-a.

303 2345 597 2406 Impeditam
620 2343 871 2405 aperiebat
896 2342 1135 2401 semitam,

305 2422 569 2483 Noctuque
595 2422 685 2468 sub
709 2435 956 2467 ramorum
980 2418 1169 2468 fornice

308 2499 484 2548 Cubile
508 2515 535 2546 e
559 2499 735 2546 cicutis
761 2499 1096 2557 construebat,

308 2577 423 2639 Igni
447 2592 473 2624 e
498 2577 654 2638 pineis
679 2575 986 2623 nucamentis

314 2653 470 2702 Siccis
495 2660 607 2701 ante
632 2654 813 2701 ostium
836 2669 1061 2701 accenso.

312 2730 439 2779 Cum
463 2732 835 2794 peragrantibus
860 2731 1188 2794 peragrabant
1211 2748 1358 2780 aurae

313 2809 377 2856 In
401 2823 596 2871 campos
620 2810 894 2872 pratenseis
921 2809 1184 2872 silvasque.
